%Abkuerzungen
%Try to keep things sorted by year
@string{sicomp = "SIAM Journal on Computing"}
@String{acmcs  = "{ACM} Computing Surveys"}
@String{uka    = "Universit{\"a}t Karlsruhe"}
@String{aint   = "Artificial Intelligence"}
@String{cacm   = "Communications of the ACM"}
@String{fgcs   = "Future Generation Computing Systems"}
@String{focs   = "Foundations of Computer Science"}
@String{icpp   = "International Conference on Parallel Processing"}
@String{ipps   = "International Parallel Processing Symposium"}
@String{ijpp   = "International Journal of Parallel Programming"}
@String{jacm   = "Journal of the ACM"}
@String{jpdc   = "Journal of Parallel and Distributed Computing"}
@String{paco   = "Parallel Computing"}
@String{pdpta  = "International Conference on Parallel and Distributed Processing Techniques and Applications"}
@String{tpds   = "IEEE Transactions on Parallel and Distributed Systems"}
@String{pami   = "IEEE Transactions on Pattern Analysis and Machine Intelligence"}
@String{tec     = "IEEE Transactions on Evolutionary Computation"}
@String{ietc   = "IEEE Transactions on Computers"}
@String{ipl    = "Information Processing Letters"}
@String{spaa   = "ACM Symposium on Parallel Architectures and Algorithms"}
@String{stoc   = "ACM Symposium on the Theory of Computing"}


@Article{Sou35,
        author    = "R. V. Southwell",
        title     = {{Stress-Calculation in Frameworks by the Method of {``Systematic Relaxation of Constraints''}}},
        journal   = {Proc. of the Royal Society of London},
        volume    = {151},
        number    = {872},
        pages     = {56--95},
        year      = {1935},
        publisher = {The Royal Society}
}


@article{lanczos1950ims,
        title   = {{An Iteration Method for the Solution of the Eigenvalue Problem of Linear Differential and Integral Operators}},
        author  = {Lanczos, C.},
        journal = {Journal of Research of the National Bureau of Standards},
        volume  = {45},
        number  = {4},
        pages   = {255--282},
        year    = {1950}
}

@article{dantzig1955max,
        title     = {On the Max Flow Min Cut Theorem of Networks.},
        author    = {Dantzig, G.B. and Fulkerson, D.R.},
        year      = {1955},
        publisher = {Rand Corporation}
}

@article{ford1956maximal,
        title   = {{Maximal Flow through a Network}},
        author  = {Ford, L. R. and Fulkerson, D. R.},
        journal = {Canadian Journal of Mathematics},
        volume  = {8},
        number  = {3},
        pages   = {399--404},
        year    = {1956}
}

@phdthesis{kernighan1969some,
        title  = {{Some Graph Partitioning Problems Related to Program Segmentation.}},
        author = {Kernighan, B.W.},
        year   = {1969},
        school = {Princeton}
}

@Article{Kernighan70,
        author  = {Kernighan, B. W. and Lin, S.},
        journal = {The {B}ell {S}ystem {T}echnical {J}ournal},
        number  = {1},
        pages   = {291--307},
        title   = {{An Efficient Heuristic Procedure for Partitioning Graphs}},
        volume  = {49},
        year    = {1970}
}

@Article{donath1972algorithms,
        title   = {{Algorithms for Partitioning of Graphs and Computer Logic Based on Eigenvectors of Connection Matrices}},
        author  = {Donath, W. E. and Hoffman, A. J.},
        journal = {IBM Technical Disclosure Bulletin},
        volume  = {15},
        number  = {3},
        pages   = {938--944},
        year    = {1972}
}

@article{george1973nested,
        title     = {{Nested Dissection of a Regular Finite Element Mesh}},
        author    = {George, A.},
        journal   = {SIAM Journal on Numerical Analysis},
        volume    = {10},
        number    = {2},
        pages     = {345--363},
        year      = {1973},
        publisher = {SIAM}
} 

@Techreport{Hyafil73,
        author      = {Hyafil, L. and Rivest, R.},
        title       = {{Graph Partitioning and Constructing Optimal Decision Trees are Polynomial Complete Problems}},
        institution = {IRIA -- Laboratoire de Recherche en Informatique et Automatique},
        year        = {1973},
        number      = {33}
}

@article{donath1973lower,
        title     = {{Lower Bounds for the Partitioning of Graphs}},
        author    = {Donath, W. E. and Hoffman, A. J.},
        journal   = {IBM Journal of Research and Development},
        volume    = {17},
        number    = {5},
        pages     = {420--425},
        year      = {1973},
        publisher = {IBM}
}

@InProceedings{Garey1974,
        author    = {Garey, M. R. and Johnson, D. S. and Stockmeyer, L.},
        title     = {{Some Simplified {N}{P}-Complete Problems}},
        booktitle = {Proceedings of the 6th ACM Symposium on Theory of Computing},
        series    = {STOC '74},
        year      = {1974},
        pages     = {47--63},
        publisher = {ACM}
} 

@article{parlett1974rayleigh,
        title   = {{The Rayleigh Quotient Iteration and Some Generalizations for Nonnormal Matrices}},
        author  = {Parlett, B. N.},
        journal = {Mathematics of Computation},
        volume  = {28},
        number  = {127},
        pages   = {679--693},
        year    = {1974}
}

@article{fiedler1975property,
        title     = {{A Property of Eigenvectors of Nonnegative Symmetric Matrices and its Application to Graph Theory}},
        author    = {Fiedler, M.},
        journal   = {Czechoslovak Mathematical Journal},
        volume    = {25},
        number    = {4},
        pages     = {619--633},
        year      = {1975},
        publisher = {Institute of Mathematics, Academy of Sciences of the Czech Republic}
}

@article{picard1980structure,
        title     = {{On the Structure of All Minimum Cuts in a Network and Applications}},
        author    = {Picard, J. C. and Queyranne, M.},
        journal   = {Mathematical Programming Studies},
        volume    = {13},
        pages     = {8--16},
        year      = {1980},
        publisher = {Springer}
}

@book{parlett1980symmetric,
        title     = {{The Symmetric Eigenvalue Problem}},
        author    = {Parlett, B. N.},
        year      = {1980},
        publisher = {Prentice-Hall}
} 

@book{george1981csl,
        title     = {{Computer Solution of Large Sparse Positive Definite Systems}},
        author    = {George, A. and Liu, J. W. H.},
        year      = {1981},
        publisher = {Prentice-Hall}
}

@Conference{fiduccia1982lth,
        author      = {Fiduccia, C. M. and Mattheyses, R. M.},
        title       = {{A Linear-Time Heuristic for Improving Network Partitions}},
        booktitle   = {Proceedings of the 19th Conference on Design Automation},
        pages       = {175--181},
        year        = {1982}
}

@article{lloyd1982least,
        title     = {{Least Squares Quantization in PCM}},
        author    = {Lloyd, S.},
        journal   = {IEEE Transactions on Information Theory},
        volume    = {28},
        number    = {2},
        pages     = {129--137},
        year      = {1982},
        publisher = {IEEE}
}

@Article{bui85,
        author    = {Bui, T. and Chaudhuri, S. and Leighton, F. and Sipser, M.},
        title     = {{Graph Bisection Algorithms with Good Average Case Behavior}},
        journal   = {Combinatorica},
        issn      = {0209-9683},
        pages     = {171--191},
        volume    = {7},
        issue     = {2},
        year      = {1987}
}

@article{berger1987partitioning,
        title     = {{A Partitioning Strategy for Nonuniform Problems on Multiprocessors}},
        author    = {Berger, M. J. and Bokhari, S. H.},
        journal   = {IEEE Transactions on Computers},
        volume    = {100},
        number    = {5},
        pages     = {570--580},
        year      = {1987},
        publisher = {IEEE}
}
@book{goldbergGA89,
        title     = {{Genetic Algorithms in Search, Optimization, and Machine Learning}},
        author    = {Goldberg, D. E.},
        publisher = {Addison-Wesley},
        year      = {1989},
        ISBN      = {0-201-15767-5}
}

@InProceedings{Boppana87,
          author    = {R. B. Boppana},
          title     = {{Eigenvalues and Graph Bisection: An Average-Case Analysis (Extended Abstract)}},
          booktitle = {Proceedings of the 28th Symposium on Foundations of Computer Science},
          year      = {1987},
          pages     = {280--285}
}


@article{Farhat1988,
        title   = {{A Simple and Efficient Automatic FEM Domain Decomposer}},
        journal = "Computers and Structures",
        volume  = "28",
        number  = "5",
        pages   = "579--602",
        year    = "1988",
        author  = "Charbel Farhat"
}

@article{glover1989tabu,
        title     = {{Tabu Search — Part I}},
        author    = {Glover, F.},
        journal   = {ORSA J. Comput.},
        volume    = {1},
        number    = {3},
        pages     = {190--206},
        year      = {1989},
        publisher = {INFORMS}
}

@article{sanchis1989mwn,
  title   = {{Multiple-Way Network Partitioning}},
  author  = {Sanchis, L. A.},
  journal = {IEEE Transactions on Computers},
  volume  = {38},
  number  = {1},
  pages   = {62--81},
  year    = {1989}
}

@article{glover1990tabu,
        title     = {{Tabu Search — Part II}},
        author    = {Glover, F.},
        journal   = {ORSA J. Comput.},
        volume    = {2},
        number    = {1},
        pages     = {4--32},
        year      = {1990},
        publisher = {INFORMS}
}

@Article{pothen1990partitioning,
        title     = {{Partitioning Sparse Matrices with Eigenvectors of Graphs}},
        author    = {Pothen, A. and Simon, H. D. and Liou, K. P.},
        journal   = {SIAM Journal on Matrix Analysis and Applications},
        volume    = {11},
        number    = {3},
        pages     = {430--452},
        year      = {1990},
        publisher = {SIAM},
        comment   = {TR 89}
             
}

@Article{simon1991partitioning,
        author    = {Simon, H. D.},
        title     = {{Partitioning of Unstructured Problems for Parallel Processing}},
        journal   = {Computing Systems in Engineering},
        volume    = {2},
        number    = {2},
        pages     = {135--148},
        year      = {1991},
        publisher = {Elsevier}
}

@article{BuiJ92,
        author    = {T. N. Bui and C. Jones},
        title     = {{Finding Good Approximate Vertex and Edge Partitions is {N}{P}-Hard}},
        journal   = {IPL},
        volume    = {42},
        number    = {3},
        year      = {1992},
        pages     = {153--159}
}

@inproceedings{wagner1993between,
        title     = {{Between Min Cut and Graph Bisection}},
        author    = {Wagner, D. and Wagner, F.},
        booktitle = {Proceedings of the 18th International Symposium on Mathematical Foundations of Computer Science},
        pages     = {744--750},
        year      = {1993},
        publisher = {Springer}
}

@inproceedings{dutt1993nfk,
        title     = {{New Faster Kernighan-Lin-type Graph-Partitioning Algorithms}},
        author    = {Dutt, S.},
        booktitle = {Proceedings of the 4th IEEE/ACM International Conference on Computer-Aided Design},
        pages     = {370--377},
        isbn      = {0-8186-4490-7},
        year      = {1993}
}

@InProceedings{BarSim93,
        author    = "S. T. Barnard and H. D. Simon",
        title     = {{A Fast Multilevel Implementation of Recursive Spectral Bisection for Partitioning Unstructured Problems}},
        booktitle = "Proceedings of the 6th SIAM Conference on Parallel Processing for Scientific Computing",
        pages     = "711--718",
        year      = 1993
}

@Article{diekmann1995using,
        title   = {{Using Helpful Sets to Improve Graph Bisections}},
        author  = {Diekmann, R. and Monien, B. and Preis, R.},
        journal = {Interconnection Networks and Mapping and Scheduling Parallel Computations},
        volume  = {21},
        pages   = {57--73},
        year    = {1995},
        comment = {TR 1994}
}

@article{walshaw1995localized,
        title     = {{A Localized Algorithm for Optimizing Unstructured Mesh Partitions}},
        author    = {Walshaw, C. and Cross, M. and Everett, M. G.},
        journal   = {International Journal of High Performance Computing Applications},
        volume    = {9},
        number    = {4},
        pages     = {280--295},
        year      = {1995},
        publisher = {SAGE Publications}
}

@Article{hendricksonSpectral95,
        author                  = {Hendrickson, B. and Leland, R.},
        title                   = {{An Improved Spectral Graph Partitioning Algorithm for Mapping Parallel Computations}},
        journal                 = {SIAM Journal on Scientific Computing},
        volume                  = {16},
        number                  = {2},
        pages                   = {452--469},
        year                    = {1995},
        comment                 = {TR 1992}
}

@article{alpert1995rdn,
        title     = {{Recent Directions in Netlist Partitioning: A Survey}},
        author    = {Alpert, C. J. and Kahng, A. B.},
        journal   = {Integration, the VLSI Journal},
        volume    = {19},
        number    = {1-2},
        pages     = {1--81},
        year      = {1995},
        publisher = {Elsevier}
}


@InProceedings{Hendrickson95,
        author    = {Hendrickson, B. and Leland, R. },
        title     = {{A Multilevel Algorithm for Partitioning Graphs}},
        booktitle = {Proc. of the ACM/IEEE Conference on Supercomputing'95},
        year      = {1995},
        isbn      = {0-89791-816-9},
        articleno = {28},
        publisher = {ACM},
        commnent  = {TR in 1993}
} 

@inproceedings{catalyuerek1996dis,
        title     = {{Decomposing Irregularly Sparse Matrices for Parallel Matrix-Vector Multiplication}},
        author    = { {\"U}. V. {\c{C}}ataly{\"u}rek and Aykanat, C.},
        booktitle = {Proceedings of the 3rd International Workshop on Parallel Algorithms for Irregularly Structured Problems},
        pages     = {75--86},
        year      = {1996},
        volume    = {1117},
        publisher = {Springer}
}

@phdthesis{baeckEvoAlgPHD96,
        title     = {{Evolutionary Algorithms in Theory and Practice: Evolution Strategies, Evolutionary Programming, Genetic Algorithms}},
        author    = {B\"ack, T.},
        publisher = {Oxford University Press},
        year      = {1996},
        ISBN      = {0-19-509971-0}
}


@article{Miller95geneticalgorithms,
        title     = {{Genetic Algorithms, Tournament Selection, and the Effects of Noise}},
        author    = {Miller, B. L and Goldberg, D. E},
        journal   = {Evolutionary Computation},
        volume    = {4},
        number    = {2},
        pages     = {113--131},
        year      = {1996},
        publisher = {MIT Press}
}

@article{rolland1996tabu,
        title     = {{Tabu Search for Graph Partitioning}},
        author    = {Rolland, E. and Pirkul, H. and Glover, F.},
        journal   = {Annals of Operations Research},
        volume    = {63},
        number    = {2},
        pages     = {209--232},
        year      = {1996},
        publisher = {Springer}
}

@InProceedings{karypis1996parallel,
        title        = {{Parallel Multilevel $k$-way Partitioning Scheme for Irregular Graphs}},
        author       = {Karypis, G. and Kumar, V.},
        booktitle    = {Proceedings of the ACM/IEEE Conference on Supercomputing'96}, 
        articelno    = {35},
        year         = {1996}
}

@article{walshaw1997parallel,
        title     = {{Parallel Dynamic Graph Partitioning for Adaptive Unstructured Meshes}},
        author    = {Walshaw, C. and Cross, M. and Everett, M. G.},
        journal   = {Journal of {P}arallel and {D}istributed {C}omputing},
        volume    = {47},
        number    = {2},
        pages     = {102--108},
        year      = {1997}
}

@Article{simon1997good,
        author    = {Simon, H. D. and Teng, S. H.},
        title     = {{How Good is Recursive Bisection?}},
        journal   = {SIAM Journal on Scientific Computing},
        volume    = {18},
        number    = {5},
        pages     = {1436--1445},
        year      = {1997},
        publisher = {SIAM},
        comment   = {TR 1993}
}

@article{karypis1998fast,
        title     = {{A Fast and High Quality Multilevel Scheme for Partitioning Irregular Graphs}},
        author    = {Karypis, G. and Kumar, V.},
        journal   = {SIAM Journal on Scientific Computing},
        volume    = {20},
        number    = {1},
        pages     = {359--392},
        year      = {1998},
        publisher = {SIAM}
} 

@InProceedings{hendrickson1998graph,
        title     = {{Graph Partitioning and Parallel Solvers: Has the Emperor No Clothes?}},
        author    = {Hendrickson, B.},
        booktitle = {Proceedings of the 5th International Symposium on Solving Irregularly Structured Problems in Parallel},
        volume    = {1457},
        series    = {LNCS},
        pages     = {218--225},
        year      = {1998},
        isbn      = {978-3-540-64809-3},
        doi       = {10.1007/BFb0018541},
        publisher = {Springer}
}

@article{fjallstrom1998agp,
        title={{Algorithms for Graph Partitioning: A Survey}},
        author={Fj{\"a}llstr{\"o}m, P. O.},
        journal={Link{\"o}ping Electronic Articles in Computer and Information Science},
        volume={3},
        number={10},
        year={1998}
}



@article{KarypisK98a,
        author    = {G. Karypis and V. Kumar},
        title     = {{Multilevel k-way Partitioning Scheme for Irregular Graphs}},
        journal   = {Journal on Parallel and Distributed Compututing},
        volume    = {48},
        number    = {1},
        year      = {1998},
        pages     = {96--129}
}

@article{alpert1999spectral,
        title     = {{Spectral Partitioning with Multiple Eigenvectors}},
        author    = {Alpert, C. J. and Kahng, A. B. and Yao, S. Z.},
        journal   = {Discrete Appl. Math.},
        volume    = {90},
        number    = {1},
        pages     = {3--26},
        year      = {1999},
        publisher = {Elsevier}
}

@article{even1999fast,
        title     = {{Fast Approximate Graph Partitioning Algorithms}},
        author    = {Even, G. and J. (S.) Naor and Rao, S. and Schieber, B.},
        journal   = {SIAM J. Comput.},
        volume    = {28},
        number    = {6},
        pages     = {2187--2214},
        year      = {1999},
        publisher = {SIAM}
}

@article{leighton1999multicommodity,
        title     = {Multicommodity max-flow min-cut theorems and their use in designing approximation algorithms},
        author    = {Leighton, T. and Rao, S.},
        journal   = {Journal of the ACM},
        volume    = {46},
        number    = {6},
        pages     = {787--832},
        year      = {1999},
        publisher = {ACM}
}

@article{Monien2000,
        title   = {{Quality Matching and Local Improvement for Multilevel Graph-Partitioning}},
        journal = {Parallel Computing},
        volume  = {26},
        number  = {12},
        pages   = {1609--1634},
        year    = {2000},
        author  = {B. Monien and R. Preis and R. Diekmann}
}

@Article{walshaw2000mesh,
        title     = {Mesh partitioning: a multilevel balancing and refinement algorithm},
        author    = {Walshaw, C. and Cross, M.},
        journal   = {SIAM Journal on Scientific Computing},
        volume    = {22},
        number    = {1},
        pages     = {63--80},
        year      = {2000},
        publisher = {SIAM}
}

@Article{hendrickson2000graph,
        title     = {{Graph Partitioning Models for Parallel Computing}},
        author    = {Hendrickson, B. and Kolda, T. G.},
        journal   = {Parallel Computing},
        volume    = {26},
        number    = {12},
        pages     = {1519--1534},
        year      = {2000},
        publisher = {Elsevier}
}

@Article{diekmann2000shape,
        title     = {{Shape-optimized Mesh Partitioning and Load Balancing for Parallel Adaptive FEM}},
        author    = {Diekmann, R. and Preis, R. and Schlimbach, F. and Walshaw, C.},
        journal   = {Parallel Computing},
        volume    = {26},
        number    = {12},
        pages     = {1555--1581},
        year      = {2000},
        publisher = {Elsevier}
}

@inproceedings{schloegel2000gph,
        title     = {{Graph Partitioning for High Performance Scientific Simulations}},
        author    = {Schloegel, K. and Karypis, G. and Kumar, V.},
        booktitle = {The Sourcebook of Parallel Computing},
        pages     = {491--541},
        year      = {2003}
}

@book{briggs2000multigrid,
        title     = {{A Multigrid Tutorial}},
        author    = {Briggs, W. L. and McCormick, S. F.},
        year      = {2000},
        publisher = {Society for Industrial Mathematics},
        volume    = {72},
        isbn      = {0898714621}
}

@article{shi2000nca,
        title   = {{Normalized cuts and image segmentation}},
        author  = {Shi, J. and Malik, J.},
        journal = {IEEE Transactions on pattern analysis and machine intelligence},
        volume  = {22},
        number  = {8},
        pages   = {888--905},
        year    = {2000}
}

@article{walshaw2000parallel,
        title     = {{Parallel Optimisation Algorithms for Multilevel Mesh Partitioning}},
        author    = {Walshaw, C. and Cross, M.},
        journal   = {Parallel Computing},
        volume    = {26},
        number    = {12},
        pages     = {1635--1660},
        year      = {2000},
        publisher = {Elsevier}
}
@book{mgbooktrott,
        author    = {U. Trottenberg and A. Schuller},
        title     = {Multigrid},
        year      = {2001},
        isbn      = {0-12-701070-X},
        publisher = {Academic Press, Inc.}
}

@article{feige2002polylogarithmic,
        title     = {{A Polylogarithmic Approximation of the Minimum Bisection}},
        author    = {Feige, U. and Krauthgamer, R.},
        journal   = {SIAM J. Comput.},
        volume    = {31},
        number    = {4},
        pages     = {1090--1118},
        year      = {2002},
        publisher = {SIAM}
}

@Article{DH03a,
        author  = "D. Drake and S. Hougardy",
        title   = {{A Simple Approximation Algorithm for the Weighted Matching Problem}},
        journal = IPL,
        volume  = "85",
        pages   = "211--213",
        year    = "2003"
}

@article{soper2004combined,
        title     = {{A Combined Evolutionary Search and Multilevel Optimisation Approach to Graph-Partitioning}},
        author    = {Soper, A. J. and Walshaw, C. and Cross, M.},
        journal   = {Journal of Global Optimization},
        volume    = {29},
        number    = {2},
        pages     = {225--241},
        year      = {2004},
        publisher = {Springer}
}

@article{walshaw2004multilevel,
        title     = {{Multilevel Refinement for Combinatorial Optimisation Problems}},
        author    = {Walshaw, C.},
        journal   = {Annals of OR},
        volume    = {131},
        number    = {1},
        pages     = {325--372},
        year      = {2004},
        publisher = {Springer}
}

@inproceedings{schamberger2004,
        author    = {S. Schamberger},
        title     = {{On Partitioning {F}{E}{M} Graphs Using Diffusion}},
        booktitle = {Proceedings of the 18th International Parallel and Distributed Processing Symposium},
        isbn      = {0-7695-2132-0},
        year      = {2004}
}
@article{korovsec2004solving,
        title     = {{Solving the Mesh-Partitioning Problem with an Ant-Colony Algorithm}},
        author    = {Koro{\v{s}}ec, P. and {\v{S}}ilc, J. and Robi{\v{c}}, B.},
        journal   = {Parallel Computing},
        volume    = {30},
        number    = {5},
        pages     = {785--801},
        year      = {2004},
        publisher = {Elsevier}
}

@inproceedings{arora2004expander,
        title        = {{Expander Flows, Geometric Embeddings and Graph Partitioning}},
        author       = {Arora, S. and Rao, S. and Vazirani, U.},
        booktitle    = {Proceedings of the 36th Annual ACM Symposium on the Theory of Computing},
        pages        = {222--231},
        year         = {2004},
        organization = {ACM Press}
}

@inproceedings{lang2004flow,
        title     = {{A Flow-Based Method for Improving the Expansion or Conductance of Graph Cuts}},
        author    = {Lang, K. and Rao, S.},
        booktitle = {Proceedings of 10th International Integer Programming and Combinatorial Optimization Conference},
        series    = {LNCS},
        volume    = {3064},
        pages     = {383--400},
        year      = {2004},
        publisher = {Springer}
}

@InProceedings{Lau04,
        author    = "U. Lauther",
        title     = {{An Extremely Fast, Exact Algorithm for Finding Shortest Paths in Static Networks with Geographical Background}},
        booktitle = "Proceedings of the M{\"u}nster GI-Days",
        year      = 2004
}

@article{wagner2005pgs,
        title     = {{Partitioning Graphs to Speedup Dijkstra's Algorithm}},
        author    = {M{\"o}hring, R. H. and Schilling, H. and Sch{\"u}tz, B. and Wagner, D. and Willhalm, T.},
        journal   = {Journal of Experimental Algorithmics (JEA)},
        volume    = {11},
        number    = {2006},
        year      = {2007},
        publisher = {ACM New York, USA}
}

@inproceedings{meyerhenke2005balancing,
        author    = {Meyerhenke, H. and Schamberger, S.},
        title     = {{Balancing Parallel Adaptive {F}{E}{M} Computations by Solving Systems of Linear Equations}},
        booktitle = {Proceedings of Euro-Par 2005 Parallel Processing},
        series    = {LNCS},
        publisher = {Springer},
        isbn      = {978-3-540-28700-1},
        pages     = {209--219},
        volume    = {3648},
        year      = {2005}
}

@article{elsner2005influence,
        title   = {The Influence Of Random Number Generators On Graph Partitioning Algorithms},
        author  = {Elsner, U.},
        journal = {Electronic Transactions on Numerical Analysis},
        volume  = {21},
        pages   = {125--133},
        year    = {2005}
}

@inproceedings{Karypis06,
        author    = {A. Abou-Rjeili and G. Karypis},
        title     = {{Multilevel Algorithms for Partitioning Power-Law Graphs}},
        booktitle = {Proc. of 20th IPDPS},
        year      = {2006}
}

@InCollection{DSSW09,
        author    = "D. Delling and P. Sanders and D. Schultes and D. Wagner",
        title     = {Engineering Route Planning Algorithms},
        booktitle = "Algorithmics of Large and Complex Networks",
        pages     = "117--139",
        publisher = "Springer",
        year      = 2009,
        volume    = 5515,
        series    = "LNCS State-of-the-Art Survey"
}

@article{andreev2006balanced,
        title     = {{Balanced Graph Partitioning}},
        author    = {Andreev, K. and R{\"a}cke, H.},
        journal   = {Theor. Comput. Syst.},
        volume    = {39},
        number    = {6},
        pages     = {929--939},
        year      = {2006},
        publisher = {Springer},
        comment   = {ConferenceVersion 2004}
}

@inproceedings{meyerhenke2006accelerating,
        title     = {{Accelerating Shape Optimizing Load Balancing for Parallel FEM Simulations by Algebraic Multigrid}},
        author    = {Meyerhenke, H. and Monien, B. and Schamberger, S.},
        booktitle = {Proc. of 20th IPDPS},
        year      = {2006}
}

@inproceedings{chevalier2006improvement,
        author    = {Chevalier, C. and Pellegrini, F.},
        title     = {{Improvement of the Efficiency of Genetic Algorithms for Scalable Parallel Graph Partitioning in a Multi-level Framework}},
        booktitle = {Proceedings of the 12th International Conference on Parallel Processing},
        series    = {LNCS},
        year      = {2006},
        isbn      = {3-540-37783-2, 978-3-540-37783-2},
        location  = {Dresden, Germany},
        pages     = {243--252},
        volume    = {4128},
        numpages  = {10},
        url       = {http://dx.doi.org/10.1007/11823285_25},
        doi       = {10.1007/11823285_25},
        acmid     = {2135791},
        publisher = {Springer}
} 


@book{dejongEvoComp2006,
        title     = {{Evolutionary Computation: A Unified Approach}},
        author    = {De Jong, K. A.},
        publisher = {MIT Press},
        year      = {2006},
        ISBN      = {0-262-04194-4}
}

@inproceedings{comellas2006multiagent,
        title     = {{A Multiagent Algorithm for Graph Partitioning}},
        author    = {Comellas, F. and Sapena, E.},
        booktitle = {Proceedings of EvoWorkshops},
        publisher = {Springer},
        series    = {LNCS},
        volume    = {3907},
        year      = {2006},
        isbn      = {3-540-33237-5},
        pages     = {279--285}
}

@article{banos2006parallelization,
        title     = {Parallelization of population-based multi-objective meta-heuristics: An empirical study},
        author    = {Banos, R. and Gil, C. and Paechter, B. and Ortega, J.},
        journal   = {Applied mathematical modelling},
        volume    = {30},
        number    = {7},
        pages     = {578--592},
        year      = {2006},
        publisher = {Elsevier}
}

@incollection{Walshaw07,
        author    = "C. Walshaw and M. Cross",
        title     = "{JOSTLE: Parallel Multilevel Graph-Partitioning Software -- An Overview}",
        booktitle = "{Mesh Partitioning Techniques and Domain Decomposition Techniques}",
        isbn      = "978-1-874672-29-6",
        pages     = "27--58",
        year      = 2007
}

@article{bichot2007new,
        title     = {{A New Method, the Fusion Fission, for the Relaxed $k$-Way Graph Partitioning Problem, and Comparisons with some Multilevel Algorithms}},
        author    = {Bichot, C. E.},
        journal   = {Journal of Mathematical Modelling and Algorithms},
        volume    = {6},
        number    = {3},
        pages     = {319--344},
        year      = {2007},
        publisher = {Springer}
}

@Article{ChardaireBM07,
        author    = {P. Chardaire and M. Barake and G. P. McKeown},
        title     = {{A PROBE-Based Heuristic for Graph Partitioning}},
        journal   = ietc,
        volume    = {56},
        number    = {12},
        year      = {2007},
        pages     = {1707--1720},
        ee        = {http://doi.ieeecomputersociety.org/10.1109/TC.2007.70760},
        bibsource = {DBLP, http://dblp.uni-trier.de}
}

@inproceedings{pellegrini2007parallelisable,
        title     = {{A Parallelisable Multi-level Banded Diffusion Scheme for Computing Balanced Partitions with Smooth Boundaries}},
        author    = {Pellegrini, F.},
        booktitle = {Proceedings of Euro-Par 2007 Parallel Processing},
        pages     = {195--204},
        volume    = {4641},
        series    = {LNCS},
        year      = {2007},
        publisher = {Springer}
}
@InProceedings{MauSan07,
        title     = {{Engineering Algorithms for Approximate Weighted Matching}},
        author    = "J. Maue and P. Sanders",
        bibdate   = "2007-06-28",
        booktitle = "Proceedings of the 6th Workshop on Experimental Algorithms ({WEA'07})",
        publisher = "Springer",
        year      = 2007,
        volume    = 4525,
        ISBN      = "978-3-540-72844-3",
        pages     = "242--255",
        series    = "LNCS",
        URL       = "http://dx.doi.org/10.1007/978-3-540-72845-0_19",
}
@Manual{ZoltanDevelopersGuideV3,
        title        = {{Zoltan 3.0}: Parallel Partitioning, Load-balancing, and Data Management Services; Developer's Guide},
        author       = {E. Boman and K. Devine and L. A. Fisk and R. Heaphy and B. Hendrickson and C. Vaughan and U. Catalyurek and D. Bozdag and W. Mitchell and J. Teresco},
        organization = {Sandia National Laboratories},
        year         = {2007},
        note         = {Technical Report SAND2007-4749W, \url{http://www.cs.sandia.gov/Zoltan/dev_html/dev.html}}
}

@article{meyerhenke2008ndb,
        title     = {{A New Diffusion-Based Multilevel Algorithm for Computing Graph Partitions}},
        author    = {Meyerhenke, H. and Monien, B. and Sauerwald, T.},
        journal   = {Journal of Parallel and Distributed Computing},
        volume    = {69},
        number    = {9},
        pages     = {750--761},
        year      = {2009},
        publisher = {Elsevier}
}

@phdthesis{meyerhenke2008disturbed,
        title  = {{Disturbed Diffusive Processes for Solving Partitioning Problems on Graphs}},
        author = {Meyerhenke, H.},
        year   = {2008},
        school = {Universit{\"a}t Paderborn}
}

@inproceedings{andersen2008algorithm,
        title        = {{An Algorithm for Improving Graph Partitions}},
        author       = {Andersen, R. and Lang, K. J.},
        booktitle    = {Proceedings of the 19th ACM-SIAM Symposium on Discrete Algorithms},
        pages        = {651--660},
        year         = {2008},
        organization = {Society for Industrial and Applied Mathematics}
}

@article{chevalier2008pt,
        title     = {{PT-Scotch: A Tool for Efficient Parallel Graph Ordering}},
        author    = {Chevalier, C. and Pellegrini, F.},
        journal   = {Parallel Computing},
        volume    = {34},
        number    = {6},
        pages     = {318--331},
        year      = {2008},
        publisher = {Elsevier}
}

@inproceedings{ChevalierS09,
        author    = {C. Chevalier and I. Safro},
        title     = {{Comparison of Coarsening Schemes for Multilevel Graph Partitioning}},
        booktitle = {Proceedings of the 3rd International Conference on Learning and Intelligent Optimization},
        volume    = {5851},
        series    = {LNCS},
        year      = {2009},
        pages     = {191--205},
        ee        = {http://dx.doi.org/10.1007/978-3-642-11169-3_14},
        bibsource = {DBLP, http://dblp.uni-trier.de}
}

@article{AroraHK10,
        author    = {S. Arora and E. Hazan and S. Kale},
        journal   = {SIAM J. Comput.},
        volume    = {39},
        number    = {5},
        year      = {2010},
        pages     = {1748--1771},
        ee        = {http://dx.doi.org/10.1137/080731049},
        bibsource = {DBLP, http://dblp.uni-trier.de},
        title     = {{O($\sqrt{\log n}$) Approximation to Sparsest Cut in {\~{O}}(n$^{\mbox{2}}$) Time}}
}

@article{kappa,
        title   = {{Engineering a Scalable High Quality Graph Partitioner}},
        author  = {Holtgrewe, M. and Sanders, P. and Schulz, C.},
        journal = {Proc. of the 24th IPDPS},
        pages   = {1--12},
        year    = {2010}
}

@inproceedings{kaspar,
        author    = {V. Osipov and P. Sanders},
        title     = {{{$n$}-Level Graph Partitioning}},
        booktitle = {Proceedings of the 18th European Conference on Algorithms: Part I },
        year      = {2010},
        pages     = {278--289},
        series    = {LNCS},
        volume    = {6346},
        publisher = {Springer},
        isbn      = {978-3-642-15774-5}
}

@article{benlic2010effective,
        title     = {An Effective Multilevel Tabu Search Approach for Balanced Graph Partitioning},
        author    = {Benlic, U. and Hao, J. K.},
        journal   = {Comput. Oper. Res.},
        volume    = {38},
        number    = {7},
        year      = {2011},
        pages     = {1066--1075},
        publisher = {Elsevier}
}

@INPROCEEDINGS{delling2010graph,
        AUTHOR    = {D. Delling and A. V. Goldberg and I. Razenshteyn and R. F. Werneck},
        TITLE     = {{Graph Partitioning with Natural Cuts}},
        BOOKTITLE = {Proceedings of the 25th International Parallel and Distributed Processing Symposium},
        KEY       = {IPDPS'11},
        pages     = {1135--1146},
        YEAR      = {2011}
}

@inproceedings{kaffpa,
        author    = {P. Sanders and C. Schulz},
        title     = {{Engineering Multilevel Graph Partitioning Algorithms}},
        booktitle = {Proc. of the 19th European Symp. on Algorithms},
        year      = {2011},
        pages     = {469--480},
        publisher = {Springer},
        series    = {LNCS},
        volume    = {6942},
        isbn      = {978-3-642-23718-8}
}

@article{benlichao2010,
        author  = {U. Benlic and J. K. Hao},
        journal = { IEEE Transactions on Evolutionary Computation },
        title   = {{A Multilevel Memetic Approach for Improving Graph $k$-Partitions}},
        volume  = {15},
        number  = {5},
        pages   = {624--642},
        doi     = {10.1109/TEVC.2011.2136346},
        year    = {2011}
}

@proceedings{conf/gecco/2000,
        title     = {Proceedings of the Genetic and Evolutionary Computation Conference (GECCO '00), Las Vegas, Nevada, USA, July 8-12, 2000},
        booktitle = {GECCO},
        publisher = {Morgan Kaufmann},
        year      = {2000},
        isbn      = {1-55860-708-0},
}

@inproceedings{KimHKM11,
        author    = {J. Kim and I. Hwang and Y. H. Kim and B. R. Moon},
        title     = {{Genetic Approaches for Graph Partitioning: A Survey}},
        booktitle = {Proceedings of the 13th Annual Genetic and Evolutionary Computation Conference (GECCO'11)},
        year      = {2011},
        pages     = {473--480},
        ee        = {http://doi.acm.org/10.1145/2001576.2001642},
        publisher = {ACM},
        isbn      = {978-1-4503-0557-0}
}


@article{ptscotch,
	author    = {C{\'e}dric Chevalier and
		Fran\c{c}ois Pellegrini},
	title     = {{PT-Scotch}},
	journal   = {Parallel Computing},
	volume    = {34},
	number    = {6-8},
	year      = {2008},
	pages     = {318-331},
	ee        = {http://dx.doi.org/10.1016/j.parco.2007.12.001},
	bibsource = {DBLP, http://dblp.uni-trier.de}
}

@proceedings{dimacschallengegraphpartandcluster,
	Editor = {David Bader and Henning Meyerhenke and Peter Sanders and Dorothea Wagner},
	Publisher = {AMS},
	Series = {Cont. Mathematics},
	Title = {Proc. of the 10th {DIMACS} Impl. Challenge},
	Year = {2012}}

@inproceedings{kaffpaE,
        author    = {P. Sanders and C. Schulz},
        title     = {{Distributed Evolutionary Graph Partitioning}},
        booktitle = {Proc. of the 12th Workshop on Algorithm Engineering and Experimentation (ALENEX'12)},
        year      = {2012},
        pages     = {16--29}
}

@INPROCEEDINGS{klsv-dtdch-10,
        AUTHOR    = {T. Kieritz and D. Luxen and P. Sanders and C. Vetter},
        TITLE     = {{Distributed Time-Dependent Contraction Hierarchies}},
        BOOKTITLE = {Proceedings of the 9th International Symposium on Experimental Algorithms},
        KEY       = {SEA'10},
        PUBLISHER = {Springer},
        SERIES    = {LNCS},
        VOLUME    = {6049},
        YEAR      = {2010},
        PAGES     = {83--93},
        PDF       = {http://i11www.ira.uka.de/extra/publications/klsv-dtdch-10.pdf}
}

@inproceedings{BenlicH10,
        author    = {U. Benlic and J. K. Hao},
        title     = {An Effective Multilevel Memetic Algorithm for Balanced Graph Partitioning},
        booktitle = {Proceedings of the 22nd IEEE International Conference on Tools with Artificial Intelligence},
        year      = {2010},
        pages     = {121--128}
}

@article{bonsma2010most,
        title     = {{Most Balanced Minimum Cuts}},
        author    = {Bonsma, P.},
        journal   = {Discrete Appl. Math.},
        volume    = {158},
        number    = {4},
        pages     = {261--276},
        year      = {2010},
        publisher = {Elsevier}
}


@proceedings{DBLP:conf/ictai/2010-1,
        title     = {22nd IEEE International Conference on Tools with Artificial Intelligence, ICTAI 2010, Arras, France, 27-29 October 2010 - Volume 1},
        booktitle = {ICTAI (1)},
        publisher = {IEEE Computer Society},
        year      = {2010},
        isbn      = {978-0-7695-4263-8}
}

@inproceedings{DellingGPW11,
        author    = {D. Delling and A. V. Goldberg and T. Pajor and R. F. Werneck},
        title     = {{Customizable Route Planning}},
        booktitle = {Proceedings of the 10th International Symposium on Experimental Algorithms},
        series    = {LCNS},
        volume    = {6630},
        year      = {2011},
        pages     = {376--387},
        numpages  = {12},
        isbn      = {978-3-642-20661-0},
        publisher = {Springer}
}

@techreport{kaffpatr,
        title       = {{Engineering Multilevel Graph Partitioning Algorithms (see ArXiv preprint arXiv:1012.0006v3)}},
        author      = {Sanders, P. and Schulz, C.},
        year        = {2010},
        institution = {Karlsruhe Institute of Technology}
}

@techreport{kabapEtr,
        title   = {{Think Locally, Act Globally: Perfectly Balanced Graph Partitioning (see ArXiv preprint arXiv:1210.0477)}},
        author  = {Sanders, P. and Schulz, C. },
        journal = {Technical Report. arXiv:1210.0477},
        year    = {2012}
}

@techreport{kaffpaEtr,
        title   = {{Distributed Evolutionary Graph Partitioning (see ArXiv preprint arXiv:1110.0477v1)}},
        author  = {Sanders, P. and Schulz, C. },
        journal = {Technical Report. arXiv:1110.0477v1},
        year    = {2011}
}


@inproceedings{delling2012better,
        title     = {{Better Bounds for Graph Bisection}},
        author    = {Delling, D. and Werneck, R. F.},
        booktitle = {Proceedings of the 20th European Symposium on Algorithms},
        volume    = {7501},
        series    = {LNCS},
        pages     = {407--418},
        year      = {2012},
        isbn      = {978-3-642-33089-6}
}


@article{galinier2011efficient,
        title     = {{An Efficient Memetic Algorithm for the Graph Partitioning Problem}},
        author    = {Galinier, P. and Boujbel, Z. and Fernandes, M. C.},
        journal   = {Annals of Operations Research},
        volume    = {191},
        number    = {1},
        pages     = {1--22},
        year      = {2011},
        publisher = {Springer}
}

@Book{GPOverviewBook,
        editor    = "C. Bichot and P. Siarry",
        title     = "Graph Partitioning",
        publisher = "Wiley",
        year      = 2011
}

@inproceedings{delling2012exact,
        author    = {D. Delling and A. V. Goldberg and I. Razenshteyn and R. F. Werneck},
        title     = {{Exact Combinatorial Branch-and-Bound for Graph Bisection}},
        year      = {2012},
        booktitle = {Proceedings of the 12th Workshop on Algorithm Engineering and Experimentation (ALENEX'12)},
        pages     = {30--44}
}

@inproceedings{SafroSS12,
        author    = {I. Safro and P. Sanders and C. Schulz},
        title     = {{Advanced Coarsening Schemes for Graph Partitioning}},
        booktitle = {Proceedings of the 11th International Symposium on Experimental Algorithms (SEA'12)},
        year      = {2012},
        volume    = {7276},
        isbn      = {978-3-642-30849-9},
        pages     = {369--380},
        publisher = {Springer},
        series    = {LNCS}
}

@INPROCEEDINGS{ls-csarr-12,
        AUTHOR    = {D. Luxen and D. Schieferdecker},
        TITLE     = {{Candidate Sets for Alternative Routes in Road Networks}},
        BOOKTITLE = {Proceedings of the 11th International Symposium on Experimental Algorithms (SEA'12)},
        KEY       = {SEA'12},
        PUBLISHER = {Springer},
        SERIES    = {LNCS},
        VOLUME    = {7276},
        YEAR      = {2012},
        PAGES     = {260--270},
        PDF       = {http://i11www.ira.uka.de/extra/publications/ls-csarr-12.pdf}
}

@techreport{kabapeEtr,
        author  = {P. Sanders and C. Schulz},
        title   = {{Think Locally, Act Globally: Perfectly Balanced Graph Partitioning}},
        journal = {preprint arXiv:1210.0477},
        year    = {2012}
}

@inproceedings{kabapeE,
        author    = {P. Sanders and C. Schulz},
        title     = {{Think Locally, Act Globally: Highly Balanced Graph Partitioning}},
        BOOKTITLE = {Proceedings of the 12th International Symposium on Experimental Algorithms (SEA'13)},
        SERIES    = {LNCS},
        PUBLISHER = {Springer},
        journal   = {preprint arXiv:1210.0477},
        year      = {2013}
}

@Unpublished{Scotch,
        author = "F. Pellegrini",
        title  = {{Scotch Home Page}},
        note   = "{\url{http://www. labri.fr/pelegrin/scotch}}"
}

@Unpublished{walshawbenchmarkwebsite,
        author = "C. Walshaw",
        title  = {{Website of the Walshaw Benchmark}},
        note   = "{\url{http://staffweb.cms.gre.ac.uk/~wc06/partition/}}"
}


@MISC{webgraphWS,
	author = {Laboratory of Web Algorithms, University of Milano},
	title  = {Datasets}
}
@inproceedings{BoVWFI,
  author ="Paolo Boldi and Sebastiano Vigna",
  title = "The {W}eb{G}raph Framework {I}: {C}ompression Techniques",
  year = 2004,
  booktitle="Proc. of the 13th Int. World Wide Web Conference (WWW 2004)",
  address="Manhattan, USA",
  pages="595--601",
  publisher="ACM Press"
}

@Unpublished{Chaco,
        author = "B. Hendrickson",
        title  = {{Chaco: Software for Partitioning Graphs}},
        note   = "{\url{http://www.cs.sandia.gov/~bahendr/chaco.html}}"
}


@article{gilbert1998geometric,
        title={{Geometric Mesh Partitioning: Implementation and Experiments}},
        author={Gilbert, J. R. and Miller, G. L. and Teng, S. H.},
        journal={SIAM Journal on Scientific Computing},
        volume={19},
        number={6},
        pages={2091--2110},
        year={1998},
        publisher={SIAM}
}

@article{heath1995cartesian,
        title     = {{A Cartesian Parallel Nested Dissection Algorithm}},
        author    = {Heath, M. T. and Raghavan, P.},
        journal   = {SIAM Journal on Matrix Analysis and Applications},
        volume    = {16},
        number    = {1},
        pages     = {235--253},
        year      = {1995},
        publisher = {SIAM}
}

@techreport{miller1992automatic,
        title     = {{Automatic Mesh Partitioning}},
        author    = {Miller, G. L. and Teng, S. and Thurston, W. and Vavasis, S. A.},
        year      = {1992},
        publisher = {Cornell University}
}

@techreport{raghavan1993line,
        title  = {{Line and Plane Separators}},
        author = {Raghavan, P.},
        year   = {1993}
}

@techreport{pilkington1994partitioning,
        title     = {{Partitioning with Spacefilling Curves}},
        author    = {Pilkington, J. R. and Baden, S. B.},
        year      = {1994},
        publisher = {Department of Computer Science and Engineering, University of California, San Diego}
}

@article{pilkington1996dynamic,
        title     = {{Dynamic Partitioning of Non-Uniform Structured Workloads with Spacefilling Curves}},
        author    = {Pilkington, J. R. and Baden, S. B.},
        journal   = {IEEE Transactions on Parallel and Distributed Systems},
        volume    = {7},
        number    = {3},
        pages     = {288--300},
        year      = {1996},
        publisher = {IEEE}
}


@phdthesis{armbruster2007branch,
        title  = {Branch-and-Cut for a Semidefinite Relaxation of Large-Scale Minimum Bisection Problems},
        author = {Armbruster, M.},
        year   = {2007}
}

@article{Johnson1989SA,
        author     = {Johnson, D. S. and Aragon, C. R. and McGeoch, L. A. and Schevon, C.},
        title      = {{Optimization by Simulated Annealing: An Experimental Evaluation. Part I, Graph Partitioning}},
        journal    = {Oper. Res.},
        issue_date = {Nov\–Dec. 1989},
        volume     = {37},
        number     = {6},
        year       = {1989},
        issn       = {0030-364X},
        pages      = {865--892},
        address    = {Institute for Operations Research and the Management Sciences (INFORMS), Linthicum, Maryland, USA},
} 

@inproceedings{feldmann2011n,
        title     = {{An $O(n^4)$ Time Algorithm to Compute the Bisection Width of Solid Grid Graphs}},
        author    = {Feldmann, A. and Widmayer, P.},
        booktitle = {Proceedings of the 19th European Conference on Algorithms},
        series    = {LNCS},
        volume    = {6942},
        pages     = {143--154},
        year      = {2011},
        publisher = {Springer}
} 

@article{safro:relaxml,
        author    = {D. Ron and I. Safro and A. Brandt},
        title     = {{Relaxation-Based Coarsening and Multiscale Graph Organization}},
        journal   = {Multiscale Modeling {\&} Simulation},
        volume    = {9},
        number    = {1},
        year      = {2011},
        pages     = {407--423}
}

@article{chen-safro-algdist-full,
        author  = {J. Chen and I. Safro},
        title   = {{Algebraic Distance on Graphs}},
        journal = {SIAM Journal on Scientific Computing},
        year    = {2011},
        volume  = {33},
        number  = {6},
        pages   = {3468--3490}
}

@incollection{bamg-review,
        year      = {2002},
        isbn      = {978-3-540-42420-8},
        booktitle = {{Multiscale and Multiresolution Methods}},
        volume    = {20},
        series    = {LNCSE},
        title     = {{Multiscale Scientific Computation: Review 2001}},
        url       = {http://dx.doi.org/10.1007/978-3-642-56205-1_1},
        publisher = {Springer},
        author    = {Brandt, A.},
        pages     = {3--95},
        language  = {English}
}




@article{cherkassky1997implementing,
        title     = {{On Implementing the Push-Relabel Method for the Maximum Flow Problem}},
        author    = {Cherkassky, B. V. and Goldberg, A. V.},
        journal   = {Algorithmica},
        volume    = {19},
        number    = {4},
        pages     = {390--410},
        year      = {1997},
        publisher = {Springer}
}

@article{boese1994new,
        title     = {{A New Adaptive Multi-Start Technique for Combinatorial Global Optimizations}},
        author    = {Boese, K. D. and Kahng, A. B. and Muddu, S.},
        journal   = {Oper. Res. Lett.},
        volume    = {16},
        number    = {2},
        pages     = {101--113},
        year      = {1994},
        publisher = {Elsevier}
}

@article{conf/ppsn/InayoshiM94,
        author  = {H. Inayoshi and B. Manderick},
        title   = {{The Weighted Graph Bi-Partitioning Problem: A Look at GA Performance}},
        journal = {Parallel Problem Solving from Nature — PPSN III},
        year    = {1994},
        pages   = {617--625},
        ee      = {http://dx.doi.org/10.1007/3-540-58484-6_304}
}

@inproceedings{conf/icalp/DoerrF11,
        author    = {B. Doerr and M. Fouz},
        title     = {{Asymptotically Optimal Randomized Rumor Spreading}},
        booktitle = {Proceedings of the 38th International Colloquium on Automata, Languages and Programming, Proceedings, Part II},
        series    = {LNCS},
        volume    = {6756},
        year      = {2011},
        isbn      = {978-3-642-22011-1},
        pages     = {502--513},
        publisher = {Springer}
}

@article{AlbaT02,
          author    = {E. Alba and M. Tomassini},
          title     = {Parallelism and {E}volutionary {A}lgorithms},
          journal   = tec,
          volume    = {6},
          number    = {5},
          year      = {2002},
          pages     = {443--462}
}

@inproceedings{golderbergNegCycle,
        author    = {Cherkassky, B. V. and Goldberg, A. V.},
        title     = {{Negative-Cycle Detection Algorithms}},
        booktitle = {Proceedings of the 4th European Symposium on Algorithms},
        volume    = {1136},
        series    = {LNCS},
        year      = {1996},
        pages     = {349--363}
}

@article{walshaw2000mpm,
        title={{Mesh Partitioning: A Multilevel Balancing and Refinement Algorithm}},
        author={Walshaw, C. and Cross, M.},
        journal={SIAM Journal on Scientific Computing},
        volume={22},
        number={1},
        pages={63--80},
        year={2000},
        publisher={SOCIETY FOR INDUSTRIAL AND APPLIED MATHEMATICS}
}

@book{ahuja1993network,
        title     = {Network Flows: Theory, Algorithms, and Applications},
        author    = {Ahuja, R. K. and Magnanti, T. L. and Orlin, J. B.},
        year      = {1993},
        isbn      = {978-0-13-617549-0},
        publisher = {Prentice Hall}
}

@misc{snap,
        author       = {J. Leskovec},
        title        = {Stanford {N}etwork {A}nalysis {P}ackage ({S}{N}{A}{P})}
}
@inproceedings{umpadimacs,
        author    = {{\"U}. V. {\c{C}}ataly{\"u}rek and M. Deveci and K. Kaya and B. U{\c{c}}ar},
        title     = {{UMPa: A Multi-objective, Multi-level Partitioner for Communication Minimization}},
        booktitle = {10th DIMACS Impl. Challenge Workshop: Graph Partitioning and Graph Clustering},
        publisher = {Georgia Institute of Technology, Atlanta, GA},
        month     = {February 13-14},
        year      = {2012} 
}

@inproceedings{mondriandimacs,
        author    = {B. O. {Fagginger Auer} and R. H. Bisseling},
        title     = {{Abusing a Hypergraph Partitioner for Unweighted Graph Partitioning}},
        booktitle = {10th DIMACS Implementation Challenge Workshop: Graph Partitioning and Graph Clustering},
        publisher = {Georgia Institute of Technology, Atlanta, GA},
        month     = {February 13--14},
        year      = {2012} 
}

@misc{dimacschallengerules,
        title = {Competition {R}ules and {O}bjective {F}unctions for the 10th {D}{I}{M}{A}{C}{S} {I}mplementation {C}hallenge on {G}raph {P}artitioning and {G}raph {C}lustering, \url{http://www.cc.gatech.edu/dimacs10/data/dimacs10-rules.pdf}},
        url   = {http://www.cc.gatech.edu/dimacs10/data/dimacs10-rules.pdf}
}

@InProceedings{highqualitygraphpartitioning,
        title     = {{High Quality Graph Partitioning}},
        author    = {Sanders, P. and Schulz, C.},
        booktitle = "Proceedings of the 10th DIMACS Implementation Challenge - Graph Clustering and Graph Partitioning",
        year      = 2013,
        pages     = {1--17},
        publisher = {AMS}

}


@inproceedings{engineeringgraphpartitiongalgorithms,
        author    = {V. Osipov and P. Sanders and C. Schulz},
        title     = {{Engineering Graph Partitioning Algorithms}},
        booktitle = {Proceedings of the 11th International Symposium on Experimental Algorithms (SEA'12)},
        year      = {2012},
        volume    = {7276},
        pages     = {18--26},
        publisher = {Springer},
        isbn      = {978-3-642-30849-9}
}

@incollection{spectralasdescreteoptimization,
        author    = {Holzrichter, M. and Oliveira, S.},
        title     = {{A Graph Based Method for Generating the Fiedler Vector of Irregular Problems}},
        booktitle = {Proceedings of the 11th Parallel and Distributed Processing Workshop},
        year      = {1999},
        isbn      = {978-3-540-65831-3},
        volume    = {1586},
        series    = {LNCS},
        doi       = {10.1007/BFb0097982},
        publisher = {Springer},
        pages     = {978--985}
}
@inproceedings{heuvelinecoop,
        year      = {2012},
        isbn      = {978-3-642-32819-0},
        booktitle = {Proceedings of Euro-Par 2012 Parallel Processing},
        volume    = {7484},
        series    = {LNCS},
        title     = {{Optimized Hybrid Parallel Lattice Boltzmann Fluid Flow Simulations on Complex Geometries}},
        publisher = {Springer},
        author    = {J. Fietz and M. Krause and C. Schulz and P. Sanders and V. Heuveline},
        pages     = {818--829}
}

@article{goldschmidthochbaum,
        title     = {{A Polynomial Algorithm for the $k$-Cut Problem for Fixed $k$}},
        author    = {Goldschmidt, O. and Hochbaum, D. S.},
        journal   = {Mathematics of Operations Research},
        volume    = {19},
        number    = {1},
        pages     = {24--37},
        year      = {1994},
        publisher = {INFORMS}
}


%%%%%%%%%%%%%%%%%%%% Further exact methods %%%%%%%%%%%%%%%%%%%%%%%%%%
@article{brunetta1997branch,
        title     = {{A Branch-and-Cut Algorithm for the Equicut Problem}},
        author    = {Brunetta, L. and Conforti, M. and Rinaldi, G.},
        journal   = {Mathematical Programming},
        volume    = {78},
        number    = {2},
        pages     = {243--263},
        year      = {1997},
        publisher = {Springer}
}

@article{ferreira1998node,
        title     = {{The Node Capacitated Graph Partitioning Problem: A Computational Study}},
        author    = {Ferreira, C. E. and Martin, A. and De Souza, C. C. and Weismantel, R. and Wolsey, L. A.},
        journal   = {Mathematical Programming},
        volume    = {81},
        number    = {2},
        pages     = {229--256},
        year      = {1998},
        publisher = {Springer}
}


@inproceedings{Armbruster2008,
        author    = {Armbruster, M. and F\"{u}genschuh, M. and Helmberg, C. and Martin, A.},
        title     = {{A Comparative Study of Linear and Semidefinite Branch-and-Cut Methods for Solving the Minimum Graph Bisection Problem}},
        booktitle = {Proceedings of the 13th International Conference on Integer Programming and Combinatorial Optimization},
        series    = {LNCS},
        volume    = {5035},
        year      = {2008},
        pages     = {112--124},
        numpages  = {13},
        publisher = {Springer}
} 

@article{land1960automatic,
        title   = {{An Automatic Method of Solving Discrete Programming Problems}},
        author  = {Land, A. H. and Doig, A. G.},
        journal = {Econometrica},
        pages   = {497--520},
        volume  = {28},
        number  = {3},
        year    = {1960}
}

@inproceedings{sensen2001lower,
        title     = {{Lower Bounds and Exact Algorithms for the Graph Partitioning Problem Using Multicommodity Flows}},
        author    = {Sensen, N.},
        booktitle = {Proceedings of the 9th European Symposium on Algorithms},
        pages     = {391--403},
        year      = {2001},
        series    = {LNCS},
        volume    = {2161},
        publisher = {Springer}
}
@article{leightonrao99,
        author    = {Leighton, T. and Rao, S.},
        title     = {{Multicommodity Max-Flow Min-Cut Theorems and their use in Designing Approximation Algorithms}},
        journal   = {Journal of the ACM},
        volume    = {46},
        number    = {6},
        year      = {1999},
        pages     = {787--832},
        numpages  = {46},
        publisher = {ACM}
} 

@article{hager2011exact,
        title     = {{An Exact Algorithm for Graph Partitioning}},
        author    = {Hager, W. W and Phan, D. T. and Zhang, H.},
        journal   = {Mathematical Programming},
        volume    = {137},
        pages     = {531--556},
        year      = {2013},
        publisher = {Springer}
}

@article{karisch2000solving,
        title     = {{Solving Graph Bisection Problems with Semidefinite Programming}},
        author    = {Karisch, S. E. and Rendl, F. and Clausen, J.},
        journal   = {INFORMS Journal on Computing},
        volume    = {12},
        number    = {3},
        pages     = {177--191},
        year      = {2000},
        publisher = {INFORMS}
}

@inproceedings{sellmann2003multicommodity,
        title     = {{Multicommodity Flow Approximation used for Exact Graph Partitioning}},
        author    = {Sellmann, M. and Sensen, N. and Timajev, L.},
        booktitle = {Proceedings of the 11th European Symposium on Algorithms},
        series    = {LNCS},
        pages     = {752--764},
        year      = {2003},
        volume    = {2832},
        publisher = {Springer}
}

@article{felner2005,
        year      = {2005},
        journal   = {Annals of Mathematics and Artificial Intelligence},
        volume    = {45},
        issue     = {3-4},
        title     = {{Finding Optimal Solutions to the Graph Partitioning Problem with Heuristic Search}},
        publisher = {Springer},
        author    = {Felner, A.},
        pages     = {293--322}
}

@misc{UFsparsematrixcollection,
        author = {T. Davis},
        title  = {{The University of Florida Sparse Matrix Collection}}
}

@inproceedings{jabeja,
  author    = {F. Rahimian and
               A. H. Payberah and
               S. Girdzijauskas and
               M. Jelasity and
               S. Haridi},
  title     = {{JA-BE-JA: A Distributed Algorithm for Balanced Graph Partitioning}},
  year      = {2013},
  pages     = {51-60},
  booktitle     = {7th International Conference on Self-Adaptive and Self-Organizing Systems},
  publisher = {IEEE},
  bibsource = {DBLP, http://dblp.uni-trier.de}
}
@mastersthesis{baSchuler,
        title = {{Engineering Edge Ratings and Matching Algorithms for Multilevel Graph Partitioning}},
        type = {{Bachelor's Thesis}},
        author = {M. Schuler},
        year = {2011},
        school = {Karlsruhe Institute of Technology}

}

@mastersthesis{baZiegler,
        title = {{$n$-Level Hypergraph Partitioning}},
        author = {F. Ziegler},
        type = {{Bachelor's Thesis}},
        year = {2012},
        school = {Karlsruhe Institute of Technology}

}

@mastersthesis{maFietz,
        title = {{Performance Optimization of Parallel LB Fluid Flow Simulations on Complex Geometries}},
        author = {J. Fietz},
        year = {2011},
        type = {{Masters's Thesis}},
        school = {Karlsruhe Institute of Technology}

}
@mastersthesis{maBirn,
        title = {{Engineering Fast Parallel Matching Algorithms}},
        author = {M. Birn},
        year = {2012},
        type = {{Masters's Thesis}},
        school = {Karlsruhe Institute of Technology}

}

@inproceedings{Preis99,
        author    = {R. Preis},
        title     = {{Linear Time 1/2-Approximation Algorithm for Maximum Weighted Matching in General Graphs}},
        booktitle = {Proceedings of the 16th Symposium on Theoretical Aspects of Computer Science (STACS'99)},
        year      = {1999},
        series    = {LNCS},
        volume    = {1563},
        publisher = {Springer},
        pages     = {259--269},
}

@inproceedings{hMetis,
        author    = {Karypis, G. and Kumar, V.},
        title     = {{Multilevel $k$-Way Hypergraph Partitioning}},
        booktitle = {Proceedings of the 36th ACM/IEEE Design Automation Conference},
        year      = {1999},
        pages     = {343--348},
        numpages  = {6},
        publisher = {ACM}
} 


@article{labelpropagationclustering,
        title     = {{Near Linear Time Algorithm to Detect Community Structures in Large-Scale Networks}},
        author    = {Raghavan, U. N. and Albert, R. and Kumara, S.},
        journal   = {Physical Review E},
        volume    = {76},
        number    = {3},
        id        = {036106},
        numpages  = {11},
        year      = {2007},
        publisher = {American Physical Society}
}

@techreport{ovelgonne2012distributed,
        title     = {{Distributed Community Detection in Web-Scale Networks}},
        author    = {Ovelg{\"o}nne, M.},
        year      = {2012},
        institute = {University of Maryland}
}


@MastersThesis{DASchulz,
        author = "C. Schulz",
        title  = {{Scalable Parallel Refinement of Graph Partitions}},
        school = "Universit{\"a}t Karlsruhe",
        year   = 2009,
        type   = {{Diploma Thesis}}
}

@inproceedings{kaffpainusemultigridtalk,
        author    = {Mauer D. and Wieners, C.},
        title     = {{Parallel Multigrid Methods for Maxwell’s Equations}},
        booktitle = {ASIL Status Report - Mai 13, 2011}
} 

@phdthesis{MaurerPHD,
        author = {D. Maurer},
        title  = {{Ein Hochskalierbarer Paralleler Direkter Löser für Finite Elemente Diskretisierungen}},
        school = {Karlsruher Institut für Technologie (KIT)},
        year   = {2013}
}

@inproceedings{personalCommunicationDuraid,
        title = {{Personal Communication with D. Madina}},
        year  = {2011}

}

@inproceedings{personalCommunicationMarco,
        title = {{Personal Communication with  M. Bergner and M. L\"ubbecke}},
        year  = {2012}
}
@inproceedings{personalCommunicationWittmann,
        title = {{Personal Communication with M. Wittmann}},
        year  = {2011}
}

@book{kleinbergBook,
        title     = {{Algorithm Design}},
        author    = {Kleinberg, J. and Tardos, {\'E}.},
        year      = {2005},
        isbn      = {978-0-13-617549-0},
        publisher = {Pearson Education}
}

@article{schamberger2005partitioning,
        title={{Partitioning Finite Element Meshes Using Space-Filling Curves}},
        author={Schamberger, S. and Wierum, J.-M.},
        journal={Future Generation Computer Systems},
        volume={21},
        number={5},
        pages={759--766},
        year={2005},
        publisher={Elsevier}
}
@incollection{hromkovivc1991bisection,
        title={{The Bisection Problem for Graphs of Degree 4 (Configuring Transputer Systems)}},
        author={Hromkovi{\v{c}}, J. and Monien, B.},
        booktitle={Proceedings of the 16th International Symposium on Mathematical Foundations of Computer Science},
        pages={211--220},
        year={1991},
        publisher={Springer}
}

@INPROCEEDINGS{helpfulsetsinpractice, 
        author={Monien, B. and Schamberger, S.}, 
        booktitle={{Proceedings of the 16th Symposium on Computer Architecture and High Performance Computing}}, 
        title={{Graph Partitioning with the Party Library: Helpful-Sets in Practice}}, 
        year={2004}, 
        pages={198--205}, 
        ISSN={1550-6533}
}
         
@unpublished{kaHIPHomePage,
	Author = {P. Sanders and C. Schulz},
	Note = {{\url{http://algo2.iti.kit.edu/documents/kahip/index.html}}},
	Title = {{KaHIP -- Karlsruhe High Qualtity Partitioning Homepage}}
}

@article{HendricksonK00,
	Author = {Hendrickson, B. and Kolda, T. G.},
	Journal = {Parallel Computing},
	Number = {12},
	Pages = {1519--1534},
	Publisher = {Elsevier},
	Title = {{Graph Partitioning Models for Parallel Computing}},
	Volume = {26},
	Year = {2000}
}

@inproceedings{UganderB13,
        author    = {J. Ugander and L. Backstrom},
        title     = {{Balanced Label Propagation for Partitioning Massive Graphs}},
        pages     = {507-516},
        booktitle = {6'th Int. Conf. on Web Search and Data Mining (WSDM'13)},
        publisher = {ACM},
        year      = {2013},
        isbn      = {978-1-4503-1869-3}
}

@inproceedings{SPPGPOverviewPaper,
        title     = {{Recent Advances in Graph Partitioning}},
        author    = {A. Bulu\c{c} and H. Meyerhenke and I. Safro and P. Sanders and C. Schulz},
        booktitle = {Algorithm Engineering -- Selected Topics, \emph{to app.}, ArXiv:1311.3144},
        year      = {2014}
}

@inproceedings{staudtmeyerhenke13high,
        title     = {{Engineering High-Performance Community Detection Heuristics for Massive Graphs}},
        author    = {C. L. Staudt and H. Meyerhenke},
        booktitle = {Proceedings 42nd Conference on Parallel Processing (ICPP'13)},
        year      = {2013}
}

@inproceedings{pcomplexnetworksviacluster,
        title     = {{Partitioning Complex Networks via Size-constrained Clustering}},
        author    = {H. Meyerhenke and P. Sanders and C. Schulz},
        BOOKTITLE = {13th Int. Symp. on Exp. Algorithms},
        SERIES    = {LNCS},
        PUBLISHER = {Springer},
        journal   = {preprint arXiv:1402.3281},
        year      = {2014}
}
@inproceedings{o13,
        author = {M. Ovelg{\"o}nne},
        title = {{Distributed Community Detection in Web-Scale Networks}},
        booktitle = {International Conference on Advances in Social Networks Analysis and Mining},
        year = {2013},
        pages = {66--73},
        doi = {10.1145/2492517.2492518}
}
@phdthesis{dissSchulz,
	Author = {Christian Schulz},
        school = {Karlsruhe Institute of Technology},
	Title = {{High Quality Graph Partititioning}},
	Year = {2013}}

@inproceedings{KirmaniR13,
  author    = {S. Kirmani and P. Raghavan},
  title     = {{Scalable Parallel Graph Partitioning}},
  booktitle = {International Conference for High Performance Computing, Networking, Storage and Analysis (SC'13)},
  year      = {2013},
  pages     = {51},
  isbn      = {978-1-4503-2378-9},
  publisher = {ACM}
}

@inproceedings{ogs12,
  author    = {M. Ovelgönne and A. Geyer-Schulz},
  title     = {{An Ensemble Learning Strategy for Graph Clustering}},
  booktitle = {Graph Partitioning and Graph Clustering - 10th DIMACS Implementation Challenge Workshop},
  year      = {2013},
  pages     = {187--206},
  url       = {http://www.ams.org/books/conm/588/11701},
  doi       = {10.1090/conm/588/11701},
  series    = {Contemporary Mathematics},
  volume    = {588},
  isbn      = {978-0-8218-9038-7, 978-0-8218-9869-7},
}


@article{BrinP98,
  author    = {S. Brin and L. Page},
  title     = {{The Anatomy of a Large-Scale Hypertextual Web Search Engine}},
  journal   = {Computer Networks},
  volume    = {30},
  number    = {1-7},
  year      = {1998},
  pages     = {107-117},
  ee        = {http://dx.doi.org/10.1016/S0169-7552(98)00110-X},
  bibsource = {DBLP, http://dblp.uni-trier.de}
}
@inproceedings{Meyerhenke12shape,
	Author = {Henning Meyerhenke},
	Booktitle = {Proc. of the 10th {DIMACS} Implementation Challenge -- Graph Partitioning and Graph Clustering},
	Publisher = {AMS},
	Series = {Cont. Mathematics},
	Title = {Shape Optimizing Load Balancing for MPI-Parallel Adaptive Numerical Simulations},
	Year = {2013}}

@techreport{parallelcomplexTR,
	Author = {Henning Meyerhenke and Peter Sanders and Christian Schulz},
	Title = {{Parallel Graph Partitioning for Complex Networks (arXiv:1404.4797)}},
	Year = {2014}}


@article{catalyurek1999hypergraph,
  title={{Hypergraph-partitioning based Decomposition for Parallel Sparse-Matrix Vector Multiplication}},
  author={Catalyurek, U. V. and Aykanat, C.},
  journal={IEEE Transactions on Parallel and Distributed Systems},
  volume={10},
  number={7},
  pages={673--693},
  year={1999},
  publisher={IEEE}
}
@article{AndradeRW12,
  author    = {D. V. Andrade and
               M. G. C. Resende and
               R. F. Werneck},
  title     = {Fast Local Search for the Maximum Independent Set Problem},
  journal   = {J. Heuristics},
  volume    = {18},
  number    = {4},
  pages     = {525--547},
  year      = {2012},
  url       = {http://dx.doi.org/10.1007/s10732-012-9196-4}
}

@incollection{richter2007stochastic,
  title={{A Stochastic Local Search Approach to Vertex Cover}},
  author={Richter, S. and Helmert, M. and Gretton, C.},
  booktitle={KI 2007: Advances in Artificial Intelligence},
  pages={412--426},
  year={2007},
  publisher={Springer}
}


@article{katayama2005effective,
  title={An Effective Local Search for the Maximum Clique Problem},
  author={Katayama, K. and Hamamoto, A. and Narihisa, H.},
  journal={Inform. Process. Lett.},
  volume={95},
  number={5},
  pages={503--511},
  year={2005},
  publisher={Elsevier}
}


@article{grosso2004combining,
  title={Combining Swaps and Node Weights in an Adaptive Greedy Approach for the Maximum Clique Problem},
  author={Grosso, A. and Locatelli, M. and Della C., F.},
  journal={J. Heuristics},
  volume={10},
  number={2},
  pages={135--152},
  year={2004},
  publisher={Springer}
}

@article{grosso2008simple,
  title={Simple Ingredients Leading to Very Efficient Heuristics for the Maximum Clique Problem},
  author={Grosso, A. and Locatelli, M. and Pullan, W.},
  journal={J. Heuristics},
  volume={14},
  number={6},
  pages={587--612},
  year={2008},
  publisher={Springer}
}

@article{battiti2001reactive,
  title={Reactive Local Search for the Maximum Clique Problem},
  author={Battiti, R. and Protasi, M.},
  journal={Algorithmica},
  volume={29},
  number={4},
  pages={610--637},
  year={2001},
  publisher={Springer}
}

@article{pullan2006dynamic,
  title={Dynamic Local Search for the Maximum Clique Problem},
  author={Pullan, W. J. and Hoos, H. H.},
  journal={J. Arti. Int. Res.},
  volume={25},
  pages={159--185},
  year={2006}
}

@article{hansen2004variable,
  title={Variable Neighborhood Search for the Maximum Clique},
  author={Hansen, P. and Mladenovi{\'c}, N. and Uro{\v{s}}evi{\'c}, D.},
  journal={Discrete Appl. Math.},
  volume={145},
  number={1},
  pages={117--125},
  year={2004},
  publisher={Elsevier}
}

@inproceedings{butenko2002finding,
  title={{Finding Maximum Independent Sets in Graphs Arising from Coding Theory}},
  author={Butenko, S. and Pardalos, P. and Sergienko, I. and Shylo, V. and Stetsyuk, P.},
  booktitle={Proc. of the ACM Symp. on Applied Computing},
  pages={542--546},
  year={2002},
  organization={ACM}
}


@inproceedings{back1994evolutionary,
  title={{An Evolutionary Heuristic for the Maximum Independent Set Problem}},
  author={B\"ack, T. and Khuri, S.},
  booktitle={Proceedings of the 1st IEEE Conference on Evolutionary Computation},
  pages={531--535},
  year={1994},
  organization={IEEE}
}

@article{feo1994greedy,
  title={A Greedy Randomized Adaptive Search Procedure for Maximum Independent Set},
  author={Feo, T. A. and Resende, M. G. C. and Smith, S. H.},
  journal={Oper. Res.},
  volume={42},
  number={5},
  pages={860--878},
  year={1994},
  publisher={INFORMS}
}

@incollection{borisovsky2003experimental,
  title={{Experimental Comparison of Two Evolutionary Algorithms for the Independent Set Problem}},
  author={Borisovsky, P. A. and Zavolovskaya, M. S.},
  booktitle={Applications of Evolutionary Computing},
  year={2003},
  publisher={Springer}
}

@inproceedings{Karp72,
  author    = {R. M. Karp},
  title     = {{Reducibility Among Combinatorial Problems}},
  booktitle = {Proc. of Symposium on the Complexity of Computer Computations},
  series    = {The {IBM} Research Symposia Series},
  pages     = {85--103},
  year      = {1972}
}

@INPROCEEDINGS{gnntbdmlisaac13,
AUTHOR = {A. Gemsa and B. Niedermann and M. N{\"o}llenburg},
TITLE = {{Trajectory-Based Dynamic Map Labeling}},
BOOKTITLE = {Proc. 24th Int. Symp. on Algorithms and Computation (ISAAC'13)},
KEY = {ISAAC'13},
PUBLISHER = {Springer},
SERIES = {LNCS},
YEAR = {2013},
PAGES = {413--423},
PDF = {http://i11www.ira.uka.de/extra/publications/gnn-tbdml-isaac-13.pdf},
URL = {http://dx.doi.org/10.1007/978-3-642-45030-3_39}
}


@book{DBLP:books/fm/GareyJ79,
  author    = {M. R. Garey and
               David S. Johnson},
  title     = {{Computers and Intractability: {A} Guide to the Theory of NP-Completeness}},
  publisher = {W. H. Freeman},
  year      = {1979},
  isbn      = {0-7167-1044-7},
  timestamp = {Thu, 29 Mar 2007 16:16:40 +0200},
  biburl    = {http://dblp.uni-trier.de/rec/bib/books/fm/GareyJ79},
  bibsource = {dblp computer science bibliography, http://dblp.org}
}

@inproceedings{BestenSD01,
  author    = {M. d. Besten and
               T. St{\"{u}}tzle and
               M. Dorigo},
  title     = {{D}esign of {I}terated {L}ocal {S}earch {A}lgorithms},
  booktitle = {Proc. EvoWorkshops 2001},
  year      = {2001},
  pages     = {441--451}
}


@mastersthesis{baLamm,
        title = {{Evolutionary Algorithms for Independent Sets}},
        type = {{Bachelor's Thesis}},
        author = {S. Lamm},
        year = {2014},
        school = {KIT}

}

@incollection{lammSEA2015,
    author    = {S. Lamm and P. Sanders and C. Schulz},
    title     = {Graph Partitioning for Independent Sets},
    booktitle = {Experimental Algorithms (SEA'15)},
    year      = {2015},
    volume    = {9125},
    pages     = {68--81},
    publisher = {Springer},
    isbn      = {978-3-642-30849-9}
}

@article{butenko-trukhanov,
title = "Using critical sets to solve the maximum independent set problem ",
journal = "Oper. Res. Lett.",
volume = "35",
number = "4",
pages = "519--524",
year = "2007",
note = "",
issn = "0167--6377",
doi = "http://dx.doi.org/10.1016/j.orl.2006.07.004",
url = "http://www.sciencedirect.com/science/article/pii/S0167637706000952",
author = "S. Butenko and S. Trukhanov",
keywords = "Maximum independent set",
keywords = "Critical set",
keywords = "Large-scale discrete optimization ",
abstract = "A method that utilizes the polynomially solvable critical independent set problem for solving the maximum independent set problem on graphs with a nonempty critical independent set is developed. The effectiveness of the proposed approach on large graphs with large independence number is demonstrated through extensive numerical experiments. "
}

@article{batsyn-mcs-ils-2014,
year={2014},
issn={1382-6905},
journal={J. Comb. Optim.},
volume={27},
number={2},
doi={10.1007/s10878-012-9592-6},
title={Improvements to {MCS} algorithm for the maximum clique problem},
url={http://dx.doi.org/10.1007/s10878-012-9592-6},
publisher={Springer US},
keywords={Maximum clique problem; Branch-and-bound algorithm; Heuristic solution; Graph colouring},
author={Batsyn, M. and Goldengorin, B. and Maslov, E. and Pardalos, P.},
pages={397-416},
language={English}
}

@article{wu-hao-2015,
title = "A review on algorithms for maximum clique problems ",
journal = "European Journal of Operational Research ",
volume = "242",
number = "3",
pages = "693 - 709",
year = "2015",
note = "",
issn = "0377-2217",
doi = "http://dx.doi.org/10.1016/j.ejor.2014.09.064",
url = "http://www.sciencedirect.com/science/article/pii/S0377221714008030",
author = "Q. Wu and J. Hao",
keywords = "Maximum clique problems",
keywords = "Exact algorithms",
keywords = "Heuristics",
keywords = "Applications"
}

@article{segundo-bitboard-2011,
title = "An exact bit-parallel algorithm for the maximum clique problem",
journal = "Comput. Oper. Res.",
volume = "38",
number = "2",
pages = "571--581",
year = "2011",
note = "",
issn = "0305-0548",
doi = "http://dx.doi.org/10.1016/j.cor.2010.07.019",
url = "http://www.sciencedirect.com/science/article/pii/S0305054810001504",
author = "San Segundo, P. and D. Rodr\'iguez-Losada and A. Jim\'enez",
keywords = "Maximum clique",
keywords = "Bit string",
keywords = "Branch and bound",
keywords = "Coloring",
keywords = "Bit-parallelism ",
}

@incollection{tomita-recoloring,
year={2010},
isbn={978-3-642-11439-7},
booktitle={Algorithms and Computation (WALCOM'10)},
volume={5942},
series={LNCS},
editor={Rahman, Md. Saidur and Fujita, Satoshi},
doi={10.1007/978-3-642-11440-3_18},
title={A Simple and Faster Branch-and-Bound Algorithm for Finding a Maximum Clique},
url={http://dx.doi.org/10.1007/978-3-642-11440-3_18},
publisher={Springer Berlin Heidelberg},
author={Tomita, E. and Sutani, Y. and Higashi, T. and Takahashi, S. and Wakatsuki, M.},
pages={191--203},
language={English}
}

@article{segundo-recoloring,
year={2013},
issn={1862--4472},
journal={Optim. Lett.},
volume={7},
number={3},
doi={10.1007/s11590-011-0431-y},
title={An improved bit parallel exact maximum clique algorithm},
url={http://dx.doi.org/10.1007/s11590-011-0431-y},
publisher={Springer-Verlag},
keywords={Maximum clique; Branch and bound; Exact search; Graph},
author={San Segundo, P. and Matia, F. and Rodriguez-Losada, D. and Hernando, M.},
pages={467--479},
language={English}
}

@INPROCEEDINGS{li-maxsat-2013, 
author={C. Li and Z. Fang and K. Xu}, 
booktitle={Proceedings of 25th International Conference on Tools with Artificial Intelligence (ICTAI)}, 
title={{Combining MaxSAT Reasoning and Incremental Upper Bound for the Maximum Clique Problem}}, 
year={2013}, 
month={Nov}, 
pages={939--946}, 
keywords={computability;computational complexity;learning (artificial intelligence);tree searching;trees (mathematics);IncMaxCLQ;MaxSAT reasoning;NP-hardness;branch-and-bound algorithm;graph theory;incremental upper bound computation;maximum clique problem;pruning search space;search tree;Arrays;Benchmark testing;Cognition;Heuristic algorithms;Partitioning algorithms;Silicon;Upper bound;Incremental Upper Bound;MaxClique;MaxSAT}, 
doi={10.1109/ICTAI.2013.143}, 
ISSN={1082-3409}}

@book{fomin-2010,
author={F.V. Fomin and D. Kratsch},
title={Exact Exponential Algorithms},
publisher={Springer},
year={2010}
}

@inproceedings{butenko-2002,
 author = {Butenko, S. and Pardalos, P. and Sergienko, I. and Shylo, V. and Stetsyuk, P.},
 title = {Finding Maximum Independent Sets in Graphs Arising from Coding Theory},
 booktitle = {Proc. 2002 ACM Symposium on Applied Computing (SAC'02)},
 year = {2002},
 isbn = {1-58113-445-2},
 location = {Madrid, Spain},
 pages = {542--546},
 numpages = {5},
 url = {http://doi.acm.org/10.1145/508791.508897},
 doi = {10.1145/508791.508897},
 acmid = {508897},
 publisher = {ACM},
 OPTaddress = {New York, USA},
 keywords = {codes for Z-channel, deletion-correcting codes, maximum independent set, transposition-correction codes},
}

@article{bourgeois-2012,
year={2012},
issn={0178-4617},
journal={Algorithmica},
volume={62},
number={1-2},
doi={10.1007/s00453-010-9460-7},
title={Fast Algorithms for max independent set},
url={http://dx.doi.org/10.1007/s00453-010-9460-7},
publisher={Springer},
keywords={Bottom-up method; Max independent set; Exact algorithms},
author={Bourgeois, N. and Escoffier, B. and Paschos, V.. and van Rooij, J.M.},
pages={382-415},
language={English}
}

@article{tarjan-1977,
author = {R. E. Tarjan and A. E. Trojanowski},
title = {Finding a Maximum Independent Set},
journal = {SIAM J. Comput.},
volume = {6},
number = {3},
pages = {537-546},
year = {1977},
doi = {10.1137/0206038},
URL = { 
        http://dx.doi.org/10.1137/0206038
},
eprint = { 
        http://dx.doi.org/10.1137/0206038
}
}

@INPROCEEDINGS{xiang-2013, 
author={J. Xiang and C. Guo and Aboulnaga, A.}, 
booktitle={Proc. IEEE 29th International Conference on Data Engineering (ICDE'13)}, 
title={Scalable maximum clique computation using MapReduce}, 
year={2013}, 
month={April}, 
pages={74-85}, 
keywords={fault tolerant computing;message passing;tree searching;MPI algorithm;MapReduce framework;branch and bound method;fault-tolerant solution;load imbalance;maximum clique problem;partitioning methods;recursive partitioning method;scalable maximum clique computation;Clustering algorithms;Color;Fault tolerance;Fault tolerant systems;Partitioning algorithms;Peer-to-peer computing;Scalability}, 
doi={10.1109/ICDE.2013.6544815}, 
ISSN={1063-6382}}

@article{nemhauser-1975,
year={1975},
issn={0025-5610},
journal={Mathematical Programming},
volume={8},
number={1},
doi={10.1007/BF01580444},
title={Vertex packings: Structural properties and algorithms},
url={http://dx.doi.org/10.1007/BF01580444},
publisher={Springer-Verlag},
author={Nemhauser, G.L. and {Trotter Jr.}, L. E.},
pages={232-248},
language={English}
}

@inproceedings{iwata-2014,
 author = {Iwata, Y. and Oka, K. and Yoshida, Y.},
 title = {{Linear-time FPT Algorithms via Network Flow}},
 booktitle = {Proc. 25th ACM-SIAM Symposium on Discrete Algorithms},
 series = {SODA '14},
 year = {2014},
 isbn = {978-1-611973-38-9},
 location = {Portland, Oregon},
 pages = {1749--1761},
 numpages = {13},
 url = {http://dl.acm.org/citation.cfm?id=2634074.2634201},
 acmid = {2634201},
 publisher = {SIAM},
}

@incollection{gemsa2014dynamiclabel,
year={2014},
isbn={978-3-319-07958-5},
booktitle={Experimental Algorithms (SEA'14)},
volume={8504},
series={LNCS},
doi={10.1007/978-3-319-07959-2_20},
title={Evaluation of Labeling Strategies for Rotating Maps},
url={http://dx.doi.org/10.1007/978-3-319-07959-2_20},
publisher={Springer},
author={Gemsa, A. and N\"ollenburg, M. and Rutter, I.},
pages={235--246},
language={English}
}

@article{Xiao201392,
title = "Confining sets and avoiding bottleneck cases: A simple maximum independent set algorithm in degree-3 graphs ",
journal = "Theor. Comput. Sci.",
volume = "469",
number = "",
pages = "92--104",
year = "2013",
note = "",
issn = "0304-3975",
doi = "http://dx.doi.org/10.1016/j.tcs.2012.09.022",
url = "http://www.sciencedirect.com/science/article/pii/S0304397512008729",
author = "M. Xiao and H. Nagamochi",
keywords = "Exact algorithm",
keywords = "Independent set",
keywords = "Measure and conquer ",
}

@article{gardiner-docking-2000,
author = {Eleanor J. Gardiner and and Peter Willett and Peter J. Artymiuk},
title = {Graph-Theoretic Techniques for Macromolecular Docking},
journal = {Journal of Chemical Information and Computer Science},
volume = {40},
number = {2},
pages = {273--279},
year = {2000},
doi = {10.1021/ci990262o}
}

@INPROCEEDINGS{zaki-ecommerce-97,
author = {M. J. Zaki and S. Parthasarathy and M. Ogihara and W. Li},
title = {{New Algorithms for Fast Discovery of Association Rules}},
booktitle = {3rd International Conference on Knowledge Discovery and Data Mining},
year = {1997},
pages = {283--286},
publisher = {AAAI Press}
}

@article{harary-clique-1957,
title = {{A Procedure for Clique Detection Using the Group Matrix}},
author = {Harary, F. and Ross, I. C.},
journal = {Sociometry},
volume = {20},
number = {3},
pages = {pp. 205-215},
url = {http://www.jstor.org/stable/2785673},
year = {1957},
publisher = {American Sociological Association},
                                                                                    }

@article{sander-mesh-2008,
 author = {Sander, P. V. and Nehab, D. and Chlamtac, E. and Hoppe, H.},
 title = {Efficient Traversal of Mesh Edges Using Adjacency Primitives},
 journal = {ACM Trans. Graph.},
 issue_date = {December 2008},
 volume = {27},
 number = {5},
 month = dec,
 year = {2008},
 issn = {0730-0301},
 pages = {144:1--144:9},
 articleno = {144},
 numpages = {9},
 url = {http://doi.acm.org/10.1145/1409060.1409097},
 doi = {10.1145/1409060.1409097},
 acmid = {1409097},
 publisher = {ACM},
 address = {New York, NY, USA},
 keywords = {programmable geometry shader, real-time rendering, shadow volumes, silhouettes, vertex locality},
}

@incollection{kieritz-contraction-2010,
year={2010},
isbn={978-3-642-13192-9},
booktitle={Experimental Algorithms},
volume={6049},
series={LNCS},
editor={Festa, Paola},
doi={10.1007/978-3-642-13193-6_8},
title={Distributed Time-Dependent Contraction Hierarchies},
url={http://dx.doi.org/10.1007/978-3-642-13193-6_8},
publisher={Springer Berlin Heidelberg},
keywords={time-dependent shortest paths; distributed computation; message passing; algorithm engineering},
author={Kieritz, T.  and Luxen, D. and Sanders, P. and Vetter, C.},
pages={83-93},
language={English}
}

@article{external-memory-ils,
    author = {Liu, Y. and Lu, J. and Yang, H. and Xiao, X. and Wei, Z.},
    title = {Towards Maximum Independent Sets on Massive Graphs},
    journal = {Proc. VLDB Endow.},
    issue_date = {September 2015},
    volume = {8},
    number = {13},
    month = sep,
    year = {2015},
    issn = {2150-8097},
    pages = {2122--2133},
    numpages = {12},
    url = {http://dx.doi.org/10.14778/2831360.2831366},
    doi = {10.14778/2831360.2831366},
    acmid = {2831366},
    publisher = {VLDB Endowment},
}

@unpublished{kaMISHomePage,
	Author = {S. Lamm and P. Sanders and C. Schulz and D. Strash and R. F. Werneck},
	Note = {{\url{http://algo2.iti.kit.edu//kamis/index.html}}},
	Title = {{KaMIS -- Karlsruhe Maximum Independent Sets}}
}

@article{akiba-tcs-2016,
title = "Branch-and-reduce exponential/{FPT} algorithms in practice: A case study of vertex cover",
journal = "Theor. Comput. Sci.",
volume = "609, Part 1",
number = "",
pages = "211--225",
year = "2016",
note = "",
issn = "0304-3975",
doi = "http://dx.doi.org/10.1016/j.tcs.2015.09.023",
url = "http://www.sciencedirect.com/science/article/pii/S030439751500852X",
author = "T. Akiba and Y. Iwata",
keywords = "Branch-and-reduce",
keywords = "Vertex cover",
keywords = "Exact exponential algorithms",
keywords = "FPT algorithms ",
}

@incollection{mccreesh-cp-2014,
year={2014},
isbn={978-3-319-10427-0},
booktitle={Principles and Practice of Constraint Programming},
volume={8656},
series={Lecture Notes in Computer Science},
editor={O'Sullivan, Barry},
doi={10.1007/978-3-319-10428-7_40},
title={Reducing the Branching in a Branch and Bound Algorithm for the Maximum Clique Problem},
url={http://dx.doi.org/10.1007/978-3-319-10428-7_40},
publisher={Springer International Publishing},
author={McCreesh, Ciaran and Prosser, Patrick},
pages={549--563},
language={English}
}

@inproceedings{abu-khzam-kernelization-2004,
    author = {Faisal N. Abu-khzam and Rebecca L. Collins and Michael R. Fellows and Michael A. Langston and W. Henry Suters and Chris T. Symons},
    title = {Kernelization Algorithms for the Vertex Cover Problem: Theory and Experiments (Extended Abstract)},
series = {ALENEX ’04},
    year = {2004}
}

@Article{abu-khzam-2007,
author=" Faisal N. Abu-Khzam
and  Michael R. Fellows
and Michael A. Langston
and W. Henry Suters",
title="Crown Structures for Vertex Cover Kernelization",
journal="Theor. Comput. Syst.",
volume="41",
number="3",
pages="411--430",
abstract="Crown structures in a graph are defined and shown to be useful in kernelization algorithms for the classic vertex cover problem. Two vertex cover kernelization methods are discussed. One, based on linear programming, has been in prior use and is known to produce predictable results, although it was not previously associated with crowns. The second, based on crown structures, is newer and much faster, but produces somewhat variable results. These two methods are studied and compared both theoretically and experimentally with each other and with older, more primitive kernelization algorithms. Properties of crowns and methods for identifying them are discussed. Logical connections between linear programming and crown reductions are established. It is shown that the problem of finding an induced crown-free subgraph, and the problem of finding a crown of maximum size in an arbitrary graph, are solvable in polynomial time.",
issn="1433-0490",
doi="10.1007/s00224-007-1328-0",
url="http://dx.doi.org/10.1007/s00224-007-1328-0",
year=2007
}

@article{chen-1999,
title = "Vertex Cover: Further Observations and Further Improvements ",
journal = "Journal of Algorithms ",
volume = "41",
number = "2",
pages = "280--301",
year = "2001",
note = "",
issn = "0196-6774",
doi = "http://dx.doi.org/10.1006/jagm.2001.1186",
url = "http://www.sciencedirect.com/science/article/pii/S0196677401911861",
author = "Jianer Chen and Iyad A. Kanj and Weijia Jia",
abstract = "Recently, there has been increasing interest and progress in lowering the worst-case time complexity for well-known NP-hard problems, particularly for the Vertex Cover problem. In this paper, new properties for the Vertex Cover problem are indicated, and several simple and new techniques are introduced, which lead to an improved algorithm of time O(kn + 1.2852k) for the problem. Our algorithm also induces improvement on previous algorithms for the Independent Set problem on graphs of small degree. "
}

@inproceedings{kunegis-2013,
author = {Kunegis, J{\'e}r\^{o}me},
title = {{KONECT}: The {K}oblenz Network Collection},
booktitle = {Proc. Int. Conf. on World Wide Web Companion (WWW'13)},
year = {2013},
isbn = {978-1-4503-2038-2},
location = {Rio de Janeiro, Brazil},
pages = {1343--1350},
numpages = {8},
url = {http://dl.acm.org/citation.cfm?id=2487788.2488173},
acmid = {2488173},
OPTpublisher = {International World Wide Web Conferences Steering Committee},
OPTaddress = {Republic and Canton of Geneva, Switzerland},
keywords = {network analysis, web observatory},
} 

@article{andrade-2012,
year={2012},
issn={1381-1231},
journal={Journal of Heuristics},
volume={18},
number={4},
doi={10.1007/s10732-012-9196-4},
title={Fast local search for the maximum independent set problem},
url={http://dx.doi.org/10.1007/s10732-012-9196-4},
publisher={Springer US},
keywords={Maximum independent set; Local search; Iterated local search; Algorithm engineering},
author={Andrade, D. V. and Resende, M. G.C. and Werneck, R. F.},
pages={525--547},
language={English}
}

@incollection{bodlaender-kernelization-2013,
year={2013},
isbn={978-3-642-40449-8},
booktitle={Algorithms -- ESA '13},
volume={8125},
series={LNCS},
editor={Bodlaender, Hans L. and Italiano, Giuseppe F.},
doi={10.1007/978-3-642-40450-4_45},
title={Kernelization Using Structural Parameters on Sparse Graph Classes},
url={http://dx.doi.org/10.1007/978-3-642-40450-4_45},
publisher={Springer Berlin Heidelberg},
author={Gajarsk\'{y}, Jakub and Hlin\v{e}n\'{y}, Petr and Obdr\v{z}\'{a}lek, Jan and Ordyniak, Sebastian and Reidl, Felix and Rossmanith, Peter and S\'{a}nchez Villaamil, Fernando and Sikdar, Somnath},
pages={529--540},
language={English}
}

@incollection{butenko-correcting-codes-2009,
year={2009},
isbn={978-0-387-98095-9},
booktitle={Optimization},
volume={32},
series={Springer Optimization and Its Applications},
editor={Pearce, Charles and Hunt, Emma},
doi={10.1007/978-0-387-98096-6_12},
title={Estimating the size of correcting codes using extremal graph problems},
url={http://dx.doi.org/10.1007/978-0-387-98096-6_12},
publisher={Springer New York},
keywords={Maximum independent set; graph coloring; error-correcting codes; coding theory; combinatorial optimization},
author={Butenko, Sergiy and Pardalos, Panos and Sergienko, Ivan and Shylo, Vladimir and Stetsyuk, Petro},
pages={227--243},
language={English}
}

@article{sanchis-1996,
    author = {Laura A. Sanchis and Arun Jagota},
    title = {Some Experimental and Theoretical Results on Test Case Generators for the Maximum Clique Problem},
    journal = {INFORMS Journal on Computing},
    volume = {8},
    number = {2},
    pages = {87--102},
    year = {1996},
    doi = {10.1287/ijoc.8.2.87},

    URL = { 
http://dx.doi.org/10.1287/ijoc.8.2.87

    },
    eprint = { 
http://dx.doi.org/10.1287/ijoc.8.2.87

    }
}

@article{bourgeois-reduction-theory-2012,
year={2012},
issn={0178-4617},
journal={Algorithmica},
volume={62},
number={1-2},
doi={10.1007/s00453-010-9460-7},
title={Fast Algorithms for max independent set},
url={http://dx.doi.org/10.1007/s00453-010-9460-7},
publisher={Springer-Verlag},
keywords={Bottom-up method; Max independent set; Exact algorithms},
author={Bourgeois, Nicolas and Escoffier, Bruno and Paschos, Vangelis T. and van Rooij, Johan M.M.},
pages={382--415},
language={English}
}

@article{azadcomputing,
  author    = {Ariful Azad and
               Aydin Bulu{\c{c}} and
               Alex Pothen},
  title     = {Computing Maximum Cardinality Matchings in Parallel on Bipartite Graphs
               via Tree-Grafting},
  journal   = {{IEEE} Trans. Parallel Distrib. Syst.},
  volume    = {28},
  number    = {1},
  pages     = {44--59},
  year      = {2017},
  url       = {http://dx.doi.org/10.1109/TPDS.2016.2546258},
  doi       = {10.1109/TPDS.2016.2546258},
  timestamp = {Tue, 27 Dec 2016 13:49:20 +0100},
  biburl    = {http://dblp.uni-trier.de/rec/bib/journals/tpds/AzadBP17},
  bibsource = {dblp computer science bibliography, http://dblp.org}
}

@inproceedings{azad2012multithreaded,
  title={Multithreaded algorithms for maximum matching in bipartite graphs},
  author={Azad, Ariful and Halappanavar, Mahantesh and Rajamanickam, Sivasankaran and Boman, Erik G. and Khan, Arif and Pothen, Alex},
  booktitle={Parallel \& Distributed Processing Symposium (IPDPS), 2012 IEEE 26th International},
  pages={860--872},
  year={2012},
  organization={IEEE}
}

@inproceedings{karp1981maximum,
  title={Maximum matching in sparse random graphs},
  author={Karp, Richard M. and Sipser, Michael},
  booktitle={Foundations of Computer Science, 1981. SFCS'81. 22nd Annual Symposium on},
  pages={364--375},
  year={1981},
  organization={IEEE}
}

@inproceedings{BRSLLP,
  author = "Paolo Boldi and Marco Rosa and Massimo Santini and Sebastiano Vigna",
  title = "Layered Label Propagation: A MultiResolution Coordinate-Free Ordering for Compressing Social Networks",
  booktitle = "Proceedings of the 20th international conference on World Wide Web",
  publisher = "ACM Press",
  year = 2011,
  pages = "587--596"
}

@incollection{bader2014benchmarking,
  title={Benchmarking for graph clustering and partitioning},
  author={Bader, David A. and Meyerhenke, Henning and Sanders, Peter and Schulz, Christian and Kappes, Andrea and Wagner, Dorothea},
  booktitle={Encyclopedia of Social Network Analysis and Mining},
  pages={73--82},
  year={2014},
  publisher={Springer}
}

@article{BCSU3,
  author = "Paolo Boldi and Bruno Codenotti and Massimo Santini and Sebastiano Vigna",
  title = "Ubi{C}rawler: A Scalable Fully Distributed Web Crawler",
  journal = "Software: Practice \& Experience",
  year = 2004,
  volume = 34,
  number = 8,
  pages = "711--726"
}

@article{meyerhenke2017parallel,
  title={Parallel graph partitioning for complex networks},
  author={Meyerhenke, Henning and Sanders, Peter and Schulz, Christian},
  journal={IEEE Transactions on Parallel and Distributed Systems},
  year={2017},
  publisher={IEEE}
}

@inproceedings{strash2016power,
  title={On the Power of Simple Reductions for the Maximum Independent Set Problem},
  author={Strash, Darren},
  booktitle={International Computing and Combinatorics Conference},
  pages={345--356},
  year={2016},
  organization={Springer}
}

@inproceedings{dahlum2016accelerating,
  title={Accelerating Local Search for the Maximum Independent Set Problem},
  author={Dahlum, Jakob and Lamm, Sebastian and Sanders, Peter and Schulz, Christian and Strash, Darren and Werneck, Renato F.},
  booktitle={International Symposium on Experimental Algorithms},
  pages={118--133},
  year={2016},
  organization={Springer}
}

@inproceedings{dehne20052,
  title={An {$O(2^{O(k)}n^3)$} {FPT} algorithm for the undirected feedback vertex set problem},
  author={Dehne, Frank and Fellows, Michael and Langston, Michael A. and Rosamond, Frances and Stevens, Kim},
  booktitle={International Computing and Combinatorics Conference},
  pages={859--869},
  year={2005},
  organization={Springer}
}

@article{jansen2013data,
  title={Data reduction for graph coloring problems},
  author={Jansen, Bart M. P. and Kratsch, Stefan},
  journal={Information and Computation},
  volume={231},
  pages={70--88},
  year={2013},
  publisher={Elsevier}
}

@article{padberg1990efficient,
  title={An efficient algorithm for the minimum capacity cut problem},
  author={Padberg, Manfred and Rinaldi, Giovanni},
  journal={Mathematical Programming},
  volume={47},
  number={1},
  pages={19--36},
  year={1990},
  publisher={Springer}
}

@article{guo2007invitation,
  title={Invitation to data reduction and problem kernelization},
  author={Guo, Jiong and Niedermeier, Rolf},
  journal={ACM SIGACT News},
  volume={38},
  number={1},
  pages={31--45},
  year={2007},
  publisher={ACM}
}

@article{cai1997advice,
  title={Advice classes of parameterized tractability},
  author={Cai, Liming and Chen, Jianer and Downey, Rodney G and Fellows, Michael R},
  journal={Annals of Pure and Applied Logic},
  volume={84},
  number={1},
  pages={119--138},
  year={1997},
  publisher={Elsevier}
}

@article{brandes2008modularity,
  title={On modularity clustering},
  author={Brandes, Ulrik and Delling, Daniel and Gaertler, Marco and Gorke, Robert and Hoefer, Martin and Nikoloski, Zoran and Wagner, Dorothea},
  journal={IEEE Transactions on Knowledge and Data Engineering},
  volume={20},
  number={2},
  pages={172--188},
  year={2008},
  publisher={IEEE}
}

@article{van2007safe,
  title={Safe reduction rules for weighted treewidth},
  author={van den Eijkhof, Frank and Bodlaender, Hans L and Koster, MC Arie},
  journal={Algorithmica},
  volume={47},
  number={2},
  pages={139--158},
  year={2007},
  publisher={Springer}
}

@inproceedings{chang2017computing,
  title={Computing A Near-Maximum Independent Set in Linear Time by Reducing-Peeling},
  author={Chang, Lijun and Li, Wei and Zhang, Wenjie},
  booktitle={Proceedings of the 2017 ACM International Conference on Management of Data},
  pages={1181--1196},
  year={2017},
  organization={ACM}
}

@book{penrose2003random,
  title={Random geometric graphs},
  author={Penrose, Mathew},
  number={5},
  year={2003},
  publisher={Oxford University Press}
}

@article{krioukov2010hyperbolic,
  title={Hyperbolic geometry of complex networks},
  author={Krioukov, Dmitri and Papadopoulos, Fragkiskos and Kitsak, Maksim and Vahdat, Amin and Bogun{\'a}, Mari{\'a}n},
  journal={Physical Review E},
  volume={82},
  number={3},
  pages={036106},
  year={2010},
  publisher={APS}
}

@book{demetrescu2009shortest,
  title={The Shortest Path Problem: Ninth {DIMACS} Implementation Challenge},
  author={Demetrescu, Camil and Goldberg, Andrew V. and Johnson, David S.},
  volume={74},
  year={2009},
  publisher={AMS}
}

@inproceedings{von2016generating,
  title={Generating massive complex networks with hyperbolic geometry faster in practice},
  author={von Looz, Moritz and {\"O}zdayi, Mustafa Safa and Laue, S{\"o}ren and Meyerhenke, Henning},
  booktitle={High Performance Extreme Computing Conference (HPEC), 2016 IEEE},
  pages={1--6},
  year={2016},
  organization={IEEE}
}

@article{fomin2009measure,
  title={A measure \& conquer approach for the analysis of exact algorithms},
  author={Fomin, Fedor V and Grandoni, Fabrizio and Kratsch, Dieter},
  journal={Journal of the ACM},
  volume={56},
  number={5},
  pages={25},
  year={2009},
  publisher={ACM}
}


@misc{iwata2016pc,
  author={Yoichi Iwata},
  title={Personal communication},
  year={August 24, 2016}
}

@article{xiao2017exact,
  title={Exact algorithms for maximum independent set},
  author={Xiao, Mingyu and Nagamochi, Hiroshi},
  journal={Information and Computation},
  year={2017},
  publisher={Elsevier}
}

@article{sansegundo2016a,
title = "A new exact maximum clique algorithm for large and massive sparse graphs",
journal = "Computers \& Operations Research",
volume = "66",
number = "",
pages = "81--94",
year = "2016",
note = "",
issn = "0305-0548",
doi = "10.1016/j.cor.2015.07.013",
OPTurl = "http://www.sciencedirect.com/science/article/pii/S0305054815001884",
author = "San Segundo, Pablo and Alvaro Lopez and Panos M. Pardalos",
}

@article{verma2015solving,
author = {Anurag Verma and Austin Buchanan and Sergiy Butenko},
title = {Solving the Maximum Clique and Vertex Coloring Problems on Very Large Sparse Networks},
journal = {INFORMS Journal on Computing},
volume = {27},
number = {1},
pages = {164--177},
year = {2015},
doi = {10.1287/ijoc.2014.0618},
OPTURL = {https://doi.org/10.1287/ijoc.2014.0618},
eprint = {https://doi.org/10.1287/ijoc.2014.0618},
OPTabstract = { This paper explores techniques for solving the maximum clique and vertex coloring problems on very large-scale real-life networks. Because of the size of such networks and the intractability of the considered problems, previously developed exact algorithms may not be directly applicable. The proposed approaches aim to reduce the network instances to a size that is tractable for existing solvers, while preserving optimality. Two clique relaxation structures are exploited for this purpose. In addition to the known k-core structure, a newly introduced clique relaxation, k-community, is used to further reduce the instance size. Experimental results on real-life graphs (collaboration networks, P2P networks, social networks, etc.) show the proposed procedures to be effective by finding, for the first time, exact solutions for instances with over 18 million vertices. }
}

@inproceedings{conte2017fast,
    author = {Conte, Alessio and Firmani, Donatella and Mordente, Caterina and Patrignani, Maurizio and Torlone, Riccardo},
    title = {Fast Enumeration of Large {$k$}-Plexes},
    booktitle = {Proceedings of the 23rd ACM SIGKDD International Conference on Knowledge Discovery and Data Mining},
    series = {KDD '17},
    year = {2017},
    isbn = {978-1-4503-4887-4},
    location = {Halifax, NS, Canada},
    pages = {115--124},
    numpages = {10},
    OPTurl = {http://doi.acm.org/10.1145/3097983.3098031},
    doi = {10.1145/3097983.3098031},
    acmid = {3098031},
    publisher = {ACM},
    OPTaddress = {New York, NY, USA},
    keywords = {cliques, communities, k-plexes},
}

@article{lamm2017finding,
author="Lamm, Sebastian
and Sanders, Peter
and Schulz, Christian
and Strash, Darren
and Werneck, Renato F.",
title="Finding near-optimal independent sets at scale",
journal="Journal of Heuristics",
year="2017",
month="Aug",
day="01",
volume="23",
number="4",
pages="207--229",
abstract="The maximum independent set problem is NP-hard and particularly difficult to solve in sparse graphs, which typically take exponential time to solve exactly using the best-known exact algorithms. In this paper, we present two new novel heuristic algorithms for computing large independent sets on huge sparse graphs, which are intractable in practice. First, we develop an advanced evolutionary algorithm that uses fast graph partitioning with local search algorithms to implement efficient combine operations that exchange whole blocks of given independent sets. Though the evolutionary algorithm itself is highly competitive with existing heuristic algorithms on large social networks, we further show that it can be effectively used as an oracle to guess vertices that are likely to be in large independent sets. We then show how to combine these guesses with kernelization techniques in a branch-and-reduce-like algorithm to compute high-quality independent sets quickly in huge complex networks. Our experiments against a recent (and fast) exact algorithm for large sparse graphs show that our technique always computes an optimal solution when the exact solution is known, and it further computes consistent results on even larger instances where the solution is unknown. Ultimately, we show that identifying and removing vertices likely to be in large independent sets opens up the reduction space---which not only speeds up the computation of large independent sets drastically, but also enables us to compute high-quality independent sets on much larger instances than previously reported in the literature.",
issn="1572-9397",
doi="10.1007/s10732-017-9337-x",
OPTurl="https://doi.org/10.1007/s10732-017-9337-x"
}

@misc{strash2016pc,
  author={Darren Strash},
  title={Personal communication},
  year={2016}
}


@proceedings{DBLP:conf/alenex/2018,
  editor    = {Rasmus Pagh and
               Suresh Venkatasubramanian},
  title     = {Proceedings of the Twentieth Workshop on Algorithm Engineering and
               Experiments, {ALENEX} 2018, New Orleans, LA, USA, January 7-8, 2018},
  publisher = {{SIAM}},
  year      = {2018},
  url       = {https://doi.org/10.1137/1.9781611975055},
  doi       = {10.1137/1.9781611975055},
  isbn      = {978-1-61197-505-5},
  timestamp = {Thu, 04 Jan 2018 14:01:44 +0100},
  biburl    = {https://dblp.org/rec/bib/conf/alenex/2018},
  bibsource = {dblp computer science bibliography, https://dblp.org}
}
@inproceedings{DBLP:conf/wea/AndradeRW08,
  author    = {D. V. Andrade and
               M. G. C. Resende and
               Renato F. Werneck},
  title     = {Fast Local Search for the Maximum Independent Set Problem},
  booktitle = {Experimental Algorithms, 7th International Workshop, {WEA} 2008, Provincetown,
               MA, USA, May 30-June 1, 2008, Proceedings},
  pages     = {220--234},
  year      = {2008},
  crossref  = {DBLP:conf/wea/2008},
  url       = {https://doi.org/10.1007/978-3-540-68552-4\_17},
  doi       = {10.1007/978-3-540-68552-4\_17},
  timestamp = {Tue, 13 Jun 2017 10:37:56 +0200},
  biburl    = {https://dblp.org/rec/bib/conf/wea/AndradeRW08},
  bibsource = {dblp computer science bibliography, https://dblp.org}
}
@proceedings{DBLP:conf/wea/2008,
  editor    = {Catherine C. McGeoch},
  title     = {Experimental Algorithms, 7th International Workshop, {WEA} 2008, Provincetown,
               MA, USA, May 30-June 1, 2008, Proceedings},
  series    = {Lecture Notes in Computer Science},
  volume    = {5038},
  publisher = {Springer},
  year      = {2008},
  url       = {https://doi.org/10.1007/978-3-540-68552-4},
  doi       = {10.1007/978-3-540-68552-4},
  isbn      = {978-3-540-68548-7},
  timestamp = {Tue, 13 Jun 2017 10:37:56 +0200},
  biburl    = {https://dblp.org/rec/bib/conf/wea/2008},
  bibsource = {dblp computer science bibliography, https://dblp.org}
}
@inproceedings{DBLP:conf/alenex/Hespe0S18,
  author    = {D. Hespe and
               C. Schulz and
               D. Strash},
  title     = {Scalable Kernelization for Maximum Independent Sets},
  booktitle = {Proceedings of the Twentieth Workshop on Algorithm Engineering and
               Experiments, {ALENEX} 2018, New Orleans, LA, USA, January 7-8, 2018.},
  pages     = {223--237},
  year      = {2018},
  crossref  = {DBLP:conf/alenex/2018},
  url       = {https://doi.org/10.1137/1.9781611975055.19},
  doi       = {10.1137/1.9781611975055.19},
  timestamp = {Fri, 02 Nov 2018 09:34:47 +0100},
  biburl    = {https://dblp.org/rec/bib/conf/alenex/Hespe0S18},
  bibsource = {dblp computer science bibliography, https://dblp.org}
}

@article{DBLP:journals/cor/LiJM17,
  author    = {C.{-}M. Li and
               H. Jiang and
               F. Many{\`{a}}},
  title     = {On minimization of the number of branches in branch-and-bound algorithms
               for the maximum clique problem},
  journal   = {Computers {\&} {OR}},
  volume    = {84},
  pages     = {1--15},
  year      = {2017},
  url       = {https://doi.org/10.1016/j.cor.2017.02.017},
  doi       = {10.1016/j.cor.2017.02.017},
  timestamp = {Wed, 24 May 2017 14:57:47 +0200},
  biburl    = {https://dblp.org/rec/bib/journals/cor/LiJM17},
  bibsource = {dblp computer science bibliography, https://dblp.org}
}
